<?xml version="1.0" encoding="UTF-8"?>
<!DOCTYPE html PUBLIC "-//W3C//DTD XHTML 1.0 Transitional//EN"
    "http://www.w3.org/TR/xhtml1/DTD/xhtml1-transitional.dtd">
<html xmlns="http://www.w3.org/1999/xhtml" xml:lang="en" lang="en">
 <head>
  <title>
</title>
<meta http-equiv="Content-Type" content="text/html;charset=utf-8" />
  <meta name='ocr-system' content='tesseract 3.04.00' />
  <meta name='ocr-capabilities' content='ocr_page ocr_carea ocr_par ocr_line ocrx_word'/>
</head>
<body>
  <div class='ocr_page' id='page_1' title='image "./quibusantiquisa00petrgoog_0010.png"; bbox 0 0 4260 5586; ppageno 0'>
   <div class='ocr_carea' id='block_1_1' title="bbox 899 127 1323 192">
    <p class='ocr_par' dir='ltr' id='par_1_1' title="bbox 899 127 1323 192">
     <span class='ocr_line' id='line_1_1' title="bbox 899 127 1323 192; baseline -0.007 -18"><span class='ocrx_word' id='word_1_1' title='bbox 899 165 1055 174; x_wconf 48' lang='lat' dir='ltr'>„mm</span> <span class='ocrx_word' id='word_1_2' title='bbox 1102 127 1122 192; x_wconf 84' lang='lat'>3</span> <span class='ocrx_word' id='word_1_3' title='bbox 1169 165 1323 172; x_wconf 33' lang='lat' dir='ltr'>„Qu</span> 
     </span>
    </p>
   </div>
   <div class='ocr_carea' id='block_1_2' title="bbox 150 360 1072 1324">
    <p class='ocr_par' dir='ltr' id='par_1_2' title="bbox 150 360 1072 1324">
     <span class='ocr_line' id='line_1_2' title="bbox 266 360 1071 443; baseline 0 -19"><span class='ocrx_word' id='word_1_4' title='bbox 266 360 326 424; x_wconf 86' lang='lat' dir='ltr'>Ubi</span> <span class='ocrx_word' id='word_1_5' title='bbox 349 380 419 424; x_wconf 84' lang='lat' dir='ltr'>uere</span> <span class='ocrx_word' id='word_1_6' title='bbox 453 361 610 424; x_wconf 80' lang='lat' dir='ltr'>Socratem</span> <span class='ocrx_word' id='word_1_7' title='bbox 639 361 697 424; x_wconf 93' lang='lat' dir='ltr'>sibi</span> <span class='ocrx_word' id='word_1_8' title='bbox 709 363 731 443; x_wconf 88' lang='lat'>¹)</span> <span class='ocrx_word' id='word_1_9' title='bbox 761 381 843 424; x_wconf 90' lang='lat' dir='ltr'>mors</span> <span class='ocrx_word' id='word_1_10' title='bbox 873 361 1000 442; x_wconf 88' lang='lat' dir='ltr'>eripuit,</span> <span class='ocrx_word' id='word_1_11' title='bbox 1032 381 1071 424; x_wconf 91' lang='lat' dir='ltr'>ne</span> 
     </span>
     <span class='ocr_line' id='line_1_3' title="bbox 197 449 1070 530; baseline -0.001 -18"><span class='ocrx_word' id='word_1_12' title='bbox 197 449 272 530; x_wconf 90' lang='lat' dir='ltr'>quid</span> <span class='ocrx_word' id='word_1_13' title='bbox 304 449 427 512; x_wconf 89' lang='lat' dir='ltr'>omnino</span> <span class='ocrx_word' id='word_1_14' title='bbox 457 449 600 530; x_wconf 88' lang='lat' dir='ltr'>temporis</span> <span class='ocrx_word' id='word_1_15' title='bbox 633 449 806 524; x_wconf 89' lang='lat' dir='ltr'>amitteret,</span> <span class='ocrx_word' id='word_1_16' title='bbox 838 449 978 529; x_wconf 85' lang='lat' dir='ltr'>quamvis</span> <span class='ocrx_word' id='word_1_17' title='bbox 1007 449 1070 512; x_wconf 91' lang='lat' dir='ltr'>iam</span> 
     </span>
     <span class='ocr_line' id='line_1_4' title="bbox 197 538 1071 620; baseline -0.003 -19"><span class='ocrx_word' id='word_1_18' title='bbox 197 538 316 618; x_wconf 88' lang='lat' dir='ltr'>eloquio</span> <span class='ocrx_word' id='word_1_19' title='bbox 339 541 369 601; x_wconf 89' lang='lat' dir='ltr'>et</span> <span class='ocrx_word' id='word_1_20' title='bbox 393 538 542 619; x_wconf 75' lang='lat' dir='ltr'>sapientia</span> <span class='ocrx_word' id='word_1_21' title='bbox 572 539 655 601; x_wconf 89' lang='lat' dir='ltr'>caele</span> <span class='ocrx_word' id='word_1_22' title='bbox 684 556 740 620; x_wconf 91' lang='lat' dir='ltr'>par</span> <span class='ocrx_word' id='word_1_23' title='bbox 763 541 843 601; x_wconf 91' lang='lat' dir='ltr'>esset</span> <span class='ocrx_word' id='word_1_24' title='bbox 865 538 1003 600; x_wconf 93' lang='lat' dir='ltr'>emnium</span> <span class='ocrx_word' id='word_1_25' title='bbox 1026 538 1071 599; x_wconf 96' lang='lat' dir='ltr'>iu-</span> 
     </span>
     <span class='ocr_line' id='line_1_5' title="bbox 150 625 1071 708; baseline 0 -20"><span class='ocrx_word' id='word_1_26' title='bbox 150 641 160 662; x_wconf 82' lang='lat'><strong>·</strong></span> <span class='ocrx_word' id='word_1_27' title='bbox 197 627 292 702; x_wconf 92' lang='lat' dir='ltr'>dicio,</span> <span class='ocrx_word' id='word_1_28' title='bbox 331 630 436 689; x_wconf 90' lang='lat' dir='ltr'>tamen</span> <span class='ocrx_word' id='word_1_29' title='bbox 466 625 630 708; x_wconf 87' lang='lat' dir='ltr'>Aegyptios</span> <span class='ocrx_word' id='word_1_30' title='bbox 662 626 834 690; x_wconf 87' lang='lat' dir='ltr'>sacerdotes</span> <span class='ocrx_word' id='word_1_31' title='bbox 864 625 940 688; x_wconf 91' lang='lat' dir='ltr'>adiit</span> <span class='ocrx_word' id='word_1_32' title='bbox 973 629 1004 688; x_wconf 91' lang='lat' dir='ltr'>et</span> <span class='ocrx_word' id='word_1_33' title='bbox 1031 627 1071 688; x_wconf 91' lang='lat' dir='ltr'>ad</span> 
     </span>
     <span class='ocr_line' id='line_1_6' title="bbox 197 713 1071 796; baseline 0.001 -19"><span class='ocrx_word' id='word_1_34' title='bbox 197 735 291 796; x_wconf 92' lang='lat' dir='ltr'>quem</span> <span class='ocrx_word' id='word_1_35' title='bbox 323 714 458 778; x_wconf 93' lang='lat' dir='ltr'>mundus</span> <span class='ocrx_word' id='word_1_36' title='bbox 482 715 623 778; x_wconf 87' lang='lat' dir='ltr'>certatim</span> <span class='ocrx_word' id='word_1_37' title='bbox 646 714 783 778; x_wconf 90' lang='lat' dir='ltr'>discendi</span> <span class='ocrx_word' id='word_1_38' title='bbox 815 714 915 778; x_wconf 91' lang='lat' dir='ltr'>studio</span> <span class='ocrx_word' id='word_1_39' title='bbox 938 713 1071 778; x_wconf 85' lang='lat' dir='ltr'>conduc·</span> 
     </span>
     <span class='ocr_line' id='line_1_7' title="bbox 198 801 1072 884; baseline 0 -20"><span class='ocrx_word' id='word_1_40' title='bbox 198 803 267 876; x_wconf 90' lang='lat' dir='ltr'>bat,</span> <span class='ocrx_word' id='word_1_41' title='bbox 297 802 399 884; x_wconf 91' lang='lat' dir='ltr'>ipsum</span> <span class='ocrx_word' id='word_1_42' title='bbox 432 803 471 865; x_wconf 89' lang='lat' dir='ltr'>ab</span> <span class='ocrx_word' id='word_1_43' title='bbox 500 803 567 866; x_wconf 92' lang='lat' dir='ltr'>aliis</span> <span class='ocrx_word' id='word_1_44' title='bbox 600 801 714 866; x_wconf 78' lang='lat' dir='ltr'>discere</span> <span class='ocrx_word' id='word_1_45' title='bbox 742 823 803 866; x_wconf 95' lang='lat' dir='ltr'>nen</span> <span class='ocrx_word' id='word_1_46' title='bbox 833 802 951 884; x_wconf 90' lang='lat' dir='ltr'>puduit.</span> <span class='ocrx_word' id='word_1_47' title='bbox 995 802 1072 864; x_wconf 92' lang='lat' dir='ltr'>lnde</span> 
     </span>
     <span class='ocr_line' id='line_1_8' title="bbox 198 890 1071 972; baseline 0.001 -20"><span class='ocrx_word' id='word_1_48' title='bbox 198 895 306 954; x_wconf 91' lang='lat' dir='ltr'>autem</span> <span class='ocrx_word' id='word_1_49' title='bbox 326 891 506 970; x_wconf 79' lang='lat' dir='ltr'>astrologiae</span> <span class='ocrx_word' id='word_1_50' title='bbox 528 891 731 972; x_wconf 88' lang='lat' dir='ltr'>peritissimus</span> <span class='ocrx_word' id='word_1_51' title='bbox 748 891 906 954; x_wconf 83' lang='lat' dir='ltr'>discedens</span> <span class='ocrx_word' id='word_1_52' title='bbox 921 890 961 953; x_wconf 89' lang='lat' dir='ltr'>ad</span> <span class='ocrx_word' id='word_1_53' title='bbox 975 890 1071 953; x_wconf 88' lang='lat' dir='ltr'>Theo-</span> 
     </span>
     <span class='ocr_line' id='line_1_9' title="bbox 198 978 1069 1061; baseline 0 -20"><span class='ocrx_word' id='word_1_54' title='bbox 198 979 343 1061; x_wconf 65' lang='grc'>1111111)</span> <span class='ocrx_word' id='word_1_55' title='bbox 368 978 579 1060; x_wconf 72' lang='lat' dir='ltr'>Cyrenaicum,</span> <span class='ocrx_word' id='word_1_56' title='bbox 604 980 796 1060; x_wconf 90' lang='lat' dir='ltr'>praeclarum</span> <span class='ocrx_word' id='word_1_57' title='bbox 818 979 900 1041; x_wconf 92' lang='lat' dir='ltr'>illius</span> <span class='ocrx_word' id='word_1_58' title='bbox 924 978 1069 1059; x_wconf 87' lang='lat' dir='ltr'>temporis</span> 
     </span>
     <span class='ocr_line' id='line_1_10' title="bbox 197 1067 1070 1149; baseline -0.002 -19"><span class='ocrx_word' id='word_1_59' title='bbox 197 1068 428 1147; x_wconf 87' lang='lat' dir='ltr'>geometricum,</span> <span class='ocrx_word' id='word_1_60' title='bbox 452 1067 604 1149; x_wconf 85' lang='lat' dir='ltr'>profectus</span> <span class='ocrx_word' id='word_1_61' title='bbox 621 1070 676 1142; x_wconf 85' lang='lat' dir='ltr'>est,</span> <span class='ocrx_word' id='word_1_62' title='bbox 701 1069 812 1148; x_wconf 90' lang='lat' dir='ltr'>quibus</span> <span class='ocrx_word' id='word_1_63' title='bbox 828 1067 969 1129; x_wconf 90' lang='lat' dir='ltr'>omnibus</span> <span class='ocrx_word' id='word_1_64' title='bbox 986 1068 1070 1130; x_wconf 89' lang='lat' dir='ltr'>volut</span> 
     </span>
     <span class='ocr_line' id='line_1_11' title="bbox 197 1155 1070 1236; baseline -0.001 -19"><span class='ocrx_word' id='word_1_65' title='bbox 197 1155 334 1236; x_wconf 91' lang='lat' dir='ltr'>undique</span> <span class='ocrx_word' id='word_1_66' title='bbox 358 1155 539 1236; x_wconf 88' lang='lat' dir='ltr'>conquisitis</span> <span class='ocrx_word' id='word_1_67' title='bbox 562 1156 715 1218; x_wconf 91' lang='lat' dir='ltr'>mercibus</span> <span class='ocrx_word' id='word_1_68' title='bbox 742 1156 912 1218; x_wconf 90' lang='lat' dir='ltr'>instructus</span> <span class='ocrx_word' id='word_1_69' title='bbox 935 1174 988 1236; x_wconf 90' lang='lat' dir='ltr'>per</span> <span class='ocrx_word' id='word_1_70' title='bbox 1010 1155 1070 1236; x_wconf 91' lang='lat' dir='ltr'>Py-</span> 
     </span>
     <span class='ocr_line' id='line_1_12' title="bbox 198 1243 957 1324; baseline -0.003 -16"><span class='ocrx_word' id='word_1_71' title='bbox 198 1245 345 1324; x_wconf 89' lang='lat' dir='ltr'>thagorae</span> <span class='ocrx_word' id='word_1_72' title='bbox 368 1244 493 1308; x_wconf 90' lang='lat' dir='ltr'>tandem</span> <span class='ocrx_word' id='word_1_73' title='bbox 517 1244 644 1324; x_wconf 88' lang='lat' dir='ltr'>vestigia</span> <span class='ocrx_word' id='word_1_74' title='bbox 666 1244 697 1306; x_wconf 93' lang='lat' dir='ltr'>in</span> <span class='ocrx_word' id='word_1_75' title='bbox 720 1244 844 1306; x_wconf 87' lang='lat' dir='ltr'>ltaliam</span> <span class='ocrx_word' id='word_1_76' title='bbox 866 1243 957 1307; x_wconf 92' lang='lat' dir='ltr'>venit.</span> 
     </span>
    </p>
   </div>
   <div class='ocr_carea' id='block_1_3' title="bbox 196 1508 1070 1766">
    <p class='ocr_par' dir='ltr' id='par_1_3' title="bbox 196 1508 1070 1766">
     <span class='ocr_line' id='line_1_13' title="bbox 266 1508 1070 1588; baseline -0.001 -18"><span class='ocrx_word' id='word_1_77' title='bbox 266 1508 422 1572; x_wconf 79' lang='lat' dir='ltr'>invenisse</span> <span class='ocrx_word' id='word_1_78' title='bbox 443 1508 486 1570; x_wconf 91' lang='lat' dir='ltr'>ibi</span> <span class='ocrx_word' id='word_1_79' title='bbox 505 1527 576 1572; x_wconf 85' lang='lat' dir='ltr'>eum</span> <span class='ocrx_word' id='word_1_80' title='bbox 594 1511 661 1571; x_wconf 90' lang='lat' dir='ltr'>tum</span> <span class='ocrx_word' id='word_1_81' title='bbox 679 1509 794 1570; x_wconf 91' lang='lat' dir='ltr'>multos</span> <span class='ocrx_word' id='word_1_82' title='bbox 816 1510 884 1570; x_wconf 91' lang='lat' dir='ltr'>tum</span> <span class='ocrx_word' id='word_1_83' title='bbox 902 1508 1070 1588; x_wconf 88' lang='lat' dir='ltr'>Archytam</span> 
     </span>
     <span class='ocr_line' id='line_1_14' title="bbox 196 1595 1069 1677; baseline 0 -19"><span class='ocrx_word' id='word_1_84' title='bbox 196 1597 401 1660; x_wconf 87' lang='lat' dir='ltr'>Tarentinum</span> <span class='ocrx_word' id='word_1_85' title='bbox 416 1597 647 1677; x_wconf 87' lang='lat' dir='ltr'>Timaeumque‚</span> <span class='ocrx_word' id='word_1_86' title='bbox 665 1616 715 1660; x_wconf 89' lang='lat' dir='ltr'>cos</span> <span class='ocrx_word' id='word_1_87' title='bbox 733 1596 908 1676; x_wconf 84' lang='lat' dir='ltr'>cognouisse</span> <span class='ocrx_word' id='word_1_88' title='bbox 925 1599 956 1658; x_wconf 88' lang='lat' dir='ltr'>et</span> <span class='ocrx_word' id='word_1_89' title='bbox 971 1596 1010 1657; x_wconf 92' lang='lat' dir='ltr'>ab</span> <span class='ocrx_word' id='word_1_90' title='bbox 1025 1595 1069 1658; x_wconf 86' lang='lat' dir='ltr'>¹eis</span> 
     </span>
     <span class='ocr_line' id='line_1_15' title="bbox 197 1683 1025 1766; baseline -0.001 -19"><span class='ocrx_word' id='word_1_91' title='bbox 197 1685 341 1748; x_wconf 89' lang='lat' dir='ltr'>didicisse</span> <span class='ocrx_word' id='word_1_92' title='bbox 363 1686 556 1766; x_wconf 88' lang='lat' dir='ltr'>Pythagorea</span> <span class='ocrx_word' id='word_1_93' title='bbox 580 1685 692 1760; x_wconf 90' lang='lat' dir='ltr'>omnia,</span> <span class='ocrx_word' id='word_1_94' title='bbox 716 1687 892 1748; x_wconf 91' lang='lat' dir='ltr'>auctorest</span> <span class='ocrx_word' id='word_1_95' title='bbox 915 1683 1025 1748; x_wconf 79' lang='lat' dir='ltr'>Cicero.</span> 
     </span>
    </p>
   </div>
   <div class='ocr_carea' id='block_1_4' title="bbox 198 2211 1072 2473">
    <p class='ocr_par' dir='ltr' id='par_1_4' title="bbox 198 2211 1072 2473">
     <span class='ocr_line' id='line_1_16' title="bbox 198 2211 1072 2295; baseline 0 -19"><span class='ocrx_word' id='word_1_96' title='bbox 198 2215 237 2276; x_wconf 93' lang='lat' dir='ltr'>ln</span> <span class='ocrx_word' id='word_1_97' title='bbox 260 2213 428 2295; x_wconf 81' lang='lat' dir='ltr'>primisque</span> <span class='ocrx_word' id='word_1_98' title='bbox 460 2214 722 2277; x_wconf 89' lang='lat' dir='ltr'>immortalitatem</span> <span class='ocrx_word' id='word_1_99' title='bbox 755 2211 890 2288; x_wconf 76' lang='lat' dir='ltr'>animae&#39;,</span> <span class='ocrx_word' id='word_1_100' title='bbox 915 2232 933 2276; x_wconf 90' lang='lat' dir='ltr'>a</span> <span class='ocrx_word' id='word_1_101' title='bbox 960 2213 1072 2276; x_wconf 88' lang='lat' dir='ltr'>Phere-</span> 
     </span>
     <span class='ocr_line' id='line_1_17' title="bbox 200 2303 1072 2384; baseline -0.003 -18"><span class='ocrx_word' id='word_1_102' title='bbox 200 2303 287 2384; x_wconf 90' lang='lat' dir='ltr'>cyde,</span> <span class='ocrx_word' id='word_1_103' title='bbox 317 2305 353 2365; x_wconf 95' lang='lat' dir='ltr'>ut</span> <span class='ocrx_word' id='word_1_104' title='bbox 381 2303 482 2375; x_wconf 90' lang='lat' dir='ltr'>aiunt,</span> <span class='ocrx_word' id='word_1_105' title='bbox 505 2305 673 2384; x_wconf 88' lang='lat' dir='ltr'>repertam,</span> <span class='ocrx_word' id='word_1_106' title='bbox 705 2303 919 2383; x_wconf 89' lang='lat' dir='ltr'>aPythagera</span> <span class='ocrx_word' id='word_1_107' title='bbox 950 2321 1072 2383; x_wconf 87' lang='lat' dir='ltr'>suscep·</span> 
     </span>
     <span class='ocr_line' id='line_1_18' title="bbox 199 2391 958 2473; baseline -0.004 -17"><span class='ocrx_word' id='word_1_108' title='bbox 199 2395 276 2466; x_wconf 90' lang='lat' dir='ltr'>tam,</span> <span class='ocrx_word' id='word_1_109' title='bbox 300 2391 588 2473; x_wconf 79' lang='lat' dir='ltr'>inexpugnabilibus</span> <span class='ocrx_word' id='word_1_110' title='bbox 611 2391 735 2454; x_wconf 89' lang='lat' dir='ltr'>vallavit</span> <span class='ocrx_word' id='word_1_111' title='bbox 759 2391 958 2470; x_wconf 88' lang='lat' dir='ltr'>argumentis.</span> 
     </span>
    </p>
   </div>
   <div class='ocr_carea' id='block_1_5' title="bbox 196 2830 1074 4419">
    <p class='ocr_par' dir='ltr' id='par_1_5' title="bbox 196 2830 1074 4419">
     <span class='ocr_line' id='line_1_19' title="bbox 267 2830 1071 2916; baseline -0.006 -20"><span class='ocrx_word' id='word_1_112' title='bbox 267 2834 353 2896; x_wconf 89' lang='lat' dir='ltr'>Inter</span> <span class='ocrx_word' id='word_1_113' title='bbox 374 2833 568 2916; x_wconf 76' lang='lat' dir='ltr'>Pythagorae</span> <span class='ocrx_word' id='word_1_114' title='bbox 601 2851 790 2896; x_wconf 88' lang='lat' dir='ltr'>successores</span> <span class='ocrx_word' id='word_1_115' title='bbox 821 2830 943 2894; x_wconf 90' lang='lat' dir='ltr'>arctiori</span> <span class='ocrx_word' id='word_1_116' title='bbox 966 2830 1071 2894; x_wconf 90' lang='lat' dir='ltr'>amici-</span> 
     </span>
     <span class='ocr_line' id='line_1_20' title="bbox 199 2918 1070 3004; baseline -0.007 -18"><span class='ocrx_word' id='word_1_117' title='bbox 199 2923 245 2987; x_wconf 88' lang='lat' dir='ltr'>tia</span> <span class='ocrx_word' id='word_1_118' title='bbox 267 2922 442 3004; x_wconf 85' lang='lat' dir='ltr'>complexus</span> <span class='ocrx_word' id='word_1_119' title='bbox 466 2925 513 2985; x_wconf 90' lang='lat' dir='ltr'>est</span> <span class='ocrx_word' id='word_1_120' title='bbox 528 2922 699 2995; x_wconf 86' lang='lat' dir='ltr'>Timaeum,</span> <span class='ocrx_word' id='word_1_121' title='bbox 723 2939 759 2984; x_wconf 85' lang='lat' dir='ltr'>en</span> <span class='ocrx_word' id='word_1_122' title='bbox 778 2919 880 2983; x_wconf 80' lang='lat' dir='ltr'>Leonis</span> <span class='ocrx_word' id='word_1_123' title='bbox 896 2918 1070 2995; x_wconf 87' lang='lat' dir='ltr'>oriundum,</span> 
     </span>
     <span class='ocr_line' id='line_1_21' title="bbox 199 3007 1069 3092; baseline -0.005 -18"><span class='ocrx_word' id='word_1_124' title='bbox 199 3013 259 3075; x_wconf 90' lang='lat' dir='ltr'>sub</span> <span class='ocrx_word' id='word_1_125' title='bbox 275 3011 362 3074; x_wconf 91' lang='lat' dir='ltr'>cuius</span> <span class='ocrx_word' id='word_1_126' title='bbox 378 3010 500 3074; x_wconf 89' lang='lat' dir='ltr'>nomine</span> <span class='ocrx_word' id='word_1_127' title='bbox 517 3009 796 3092; x_wconf 90' lang='lat' dir='ltr'>praeclarissimum</span> <span class='ocrx_word' id='word_1_128' title='bbox 812 3008 925 3070; x_wconf 87' lang='lat' dir='ltr'>librum</span> <span class='ocrx_word' id='word_1_129' title='bbox 939 3007 1069 3088; x_wconf 82' lang='lat' dir='ltr'>scripsit.</span> 
     </span>
     <span class='ocr_line' id='line_1_22' title="bbox 196 3093 1071 3179; baseline -0.006 -16"><span class='ocrx_word' id='word_1_130' title='bbox 196 3101 235 3163; x_wconf 92' lang='lat' dir='ltr'>In</span> <span class='ocrx_word' id='word_1_131' title='bbox 266 3099 349 3163; x_wconf 92' lang='lat' dir='ltr'>omni</span> <span class='ocrx_word' id='word_1_132' title='bbox 382 3117 454 3162; x_wconf 89' lang='lat' dir='ltr'>sane</span> <span class='ocrx_word' id='word_1_133' title='bbox 483 3098 678 3179; x_wconf 87' lang='lat' dir='ltr'>Pythagorea</span> <span class='ocrx_word' id='word_1_134' title='bbox 714 3097 851 3161; x_wconf 88' lang='lat' dir='ltr'>doctrina</span> <span class='ocrx_word' id='word_1_135' title='bbox 881 3115 943 3158; x_wconf 90' lang='lat' dir='ltr'>non</span> <span class='ocrx_word' id='word_1_136' title='bbox 964 3093 1071 3158; x_wconf 80' lang='lat' dir='ltr'>lninus</span> 
     </span>
     <span class='ocr_line' id='line_1_23' title="bbox 199 3183 1072 3270; baseline -0.008 -18"><span class='ocrx_word' id='word_1_137' title='bbox 199 3187 352 3252; x_wconf 88' lang='lat' dir='ltr'>castitatis</span> <span class='ocrx_word' id='word_1_138' title='bbox 365 3188 389 3270; x_wconf 78' lang='lat'>3)</span> <span class='ocrx_word' id='word_1_139' title='bbox 419 3188 555 3252; x_wconf 83' lang='lat' dir='ltr'>imitator</span> <span class='ocrx_word' id='word_1_140' title='bbox 581 3205 675 3267; x_wconf 93' lang='lat' dir='ltr'>quam</span> <span class='ocrx_word' id='word_1_141' title='bbox 698 3185 812 3266; x_wconf 88' lang='lat' dir='ltr'>ingenii</span> <span class='ocrx_word' id='word_1_142' title='bbox 838 3184 905 3247; x_wconf 85' lang='lat' dir='ltr'>fuit.</span> <span class='ocrx_word' id='word_1_143' title='bbox 946 3183 1072 3247; x_wconf 86' lang='lat' dir='ltr'>Praeter</span> 
     </span>
     <span class='ocr_line' id='line_1_24' title="bbox 198 3271 1072 3354; baseline -0.006 -14"><span class='ocrx_word' id='word_1_144' title='bbox 198 3279 276 3340; x_wconf 87' lang='lat' dir='ltr'>haec</span> <span class='ocrx_word' id='word_1_145' title='bbox 300 3275 455 3340; x_wconf 81' lang='lat' dir='ltr'>etiamad</span> <span class='ocrx_word' id='word_1_146' title='bbox 478 3275 570 3338; x_wconf 89' lang='lat' dir='ltr'>Indos</span> <span class='ocrx_word' id='word_1_147' title='bbox 595 3277 625 3338; x_wconf 87' lang='lat' dir='ltr'>ct</span> <span class='ocrx_word' id='word_1_148' title='bbox 648 3275 687 3338; x_wconf 91' lang='lat' dir='ltr'>ad</span> <span class='ocrx_word' id='word_1_149' title='bbox 710 3273 816 3354; x_wconf 89' lang='lat' dir='ltr'>Magos</span> <span class='ocrx_word' id='word_1_150' title='bbox 840 3274 997 3354; x_wconf 88' lang='lat' dir='ltr'>penetrare</span> <span class='ocrx_word' id='word_1_151' title='bbox 1021 3271 1072 3335; x_wconf 90' lang='lat' dir='ltr'>de-</span> 
     </span>
     <span class='ocr_line' id='line_1_25' title="bbox 198 3359 1072 3444; baseline -0.009 -15"><span class='ocrx_word' id='word_1_152' title='bbox 198 3368 338 3429; x_wconf 81' lang='lat' dir='ltr'>creverat</span> <span class='ocrx_word' id='word_1_153' title='bbox 358 3363 547 3444; x_wconf 85' lang='lat' dir='ltr'>fecissetque,</span> <span class='ocrx_word' id='word_1_154' title='bbox 571 3363 630 3426; x_wconf 92' lang='lat' dir='ltr'>nisi</span> <span class='ocrx_word' id='word_1_155' title='bbox 653 3382 725 3426; x_wconf 91' lang='lat' dir='ltr'>eum</span> <span class='ocrx_word' id='word_1_156' title='bbox 741 3363 824 3424; x_wconf 90' lang='lat' dir='ltr'>velut</span> <span class='ocrx_word' id='word_1_157' title='bbox 845 3361 878 3424; x_wconf 90' lang='lat' dir='ltr'>in</span> <span class='ocrx_word' id='word_1_158' title='bbox 900 3362 989 3442; x_wconf 91' lang='lat' dir='ltr'>portu</span> <span class='ocrx_word' id='word_1_159' title='bbox 1009 3359 1072 3422; x_wconf 82' lang='lat' dir='ltr'>bel-</span> 
     </span>
     <span class='ocr_line' id='line_1_26' title="bbox 196 3447 1070 3534; baseline -0.007 -17"><span class='ocrx_word' id='word_1_160' title='bbox 196 3453 329 3534; x_wconf 69' lang='grc'>111114)</span> <span class='ocrx_word' id='word_1_161' title='bbox 352 3454 521 3534; x_wconf 87' lang='lat' dir='ltr'>tempestas</span> <span class='ocrx_word' id='word_1_162' title='bbox 542 3452 574 3514; x_wconf 90' lang='lat' dir='ltr'>in</span> <span class='ocrx_word' id='word_1_163' title='bbox 589 3451 691 3532; x_wconf 92' lang='lat' dir='ltr'>patria</span> <span class='ocrx_word' id='word_1_164' title='bbox 707 3450 865 3514; x_wconf 86' lang='lat' dir='ltr'>tenuisset.</span> <span class='ocrx_word' id='word_1_165' title='bbox 901 3449 961 3513; x_wconf 91' lang='lat' dir='ltr'>Ubi</span> <span class='ocrx_word' id='word_1_166' title='bbox 977 3447 1070 3511; x_wconf 92' lang='lat' dir='ltr'>nihilo</span> 
     </span>
     <span class='ocr_line' id='line_1_27' title="bbox 198 3537 1072 3622; baseline -0.008 -16"><span class='ocrx_word' id='word_1_167' title='bbox 198 3541 325 3622; x_wconf 85' lang='lat' dir='ltr'>segnius</span> <span class='ocrx_word' id='word_1_168' title='bbox 363 3541 479 3604; x_wconf 88' lang='lat' dir='ltr'>interea</span> <span class='ocrx_word' id='word_1_169' title='bbox 516 3539 708 3603; x_wconf 85' lang='lat' dir='ltr'>Pannonidis</span> <span class='ocrx_word' id='word_1_170' title='bbox 740 3558 776 3602; x_wconf 87' lang='lat' dir='ltr'>ae</span> <span class='ocrx_word' id='word_1_171' title='bbox 808 3537 936 3602; x_wconf 89' lang='lat' dir='ltr'>Zenonis</span> <span class='ocrx_word' id='word_1_172' title='bbox 966 3537 1072 3600; x_wconf 86' lang='lat' dir='ltr'>inven-</span> 
     </span>
     <span class='ocr_line' id='line_1_28' title="bbox 199 3625 1071 3712; baseline -0.007 -18"><span class='ocrx_word' id='word_1_173' title='bbox 199 3631 372 3712; x_wconf 72' lang='lat' dir='ltr'>tionibus5)</span> <span class='ocrx_word' id='word_1_174' title='bbox 396 3648 428 3692; x_wconf 91' lang='lat' dir='ltr'>se</span> <span class='ocrx_word' id='word_1_175' title='bbox 444 3628 536 3704; x_wconf 88' lang='lat' dir='ltr'>dedit,</span> <span class='ocrx_word' id='word_1_176' title='bbox 560 3647 596 3690; x_wconf 87' lang='lat' dir='ltr'>ex</span> <span class='ocrx_word' id='word_1_177' title='bbox 618 3629 787 3691; x_wconf 91' lang='lat' dir='ltr'>multorum</span> <span class='ocrx_word' id='word_1_178' title='bbox 804 3627 919 3690; x_wconf 90' lang='lat' dir='ltr'>scilicet</span> <span class='ocrx_word' id='word_1_179' title='bbox 940 3625 1071 3706; x_wconf 87' lang='lat' dir='ltr'>ingeniis</span> 
     </span>
     <span class='ocr_line' id='line_1_29' title="bbox 199 3714 1070 3800; baseline -0.008 -18"><span class='ocrx_word' id='word_1_180' title='bbox 199 3719 319 3793; x_wconf 89' lang='lat' dir='ltr'>libans,</span> <span class='ocrx_word' id='word_1_181' title='bbox 354 3717 434 3800; x_wconf 92' lang='lat' dir='ltr'>quod</span> <span class='ocrx_word' id='word_1_182' title='bbox 469 3736 539 3780; x_wconf 85' lang='lat' dir='ltr'>mon</span> <span class='ocrx_word' id='word_1_183' title='bbox 568 3716 726 3779; x_wconf 88' lang='lat' dir='ltr'>refusurus</span> <span class='ocrx_word' id='word_1_184' title='bbox 756 3718 822 3778; x_wconf 86' lang='lat' dir='ltr'>erat</span> <span class='ocrx_word' id='word_1_185' title='bbox 855 3715 886 3777; x_wconf 94' lang='lat' dir='ltr'>in</span> <span class='ocrx_word' id='word_1_186' title='bbox 914 3714 1070 3795; x_wconf 91' lang='lat' dir='ltr'>plurimos.</span> 
     </span>
     <span class='ocr_line' id='line_1_30' title="bbox 199 3801 1072 3888; baseline -0.009 -17"><span class='ocrx_word' id='word_1_187' title='bbox 199 3807 331 3888; x_wconf 78' lang='lat' dir='ltr'>Scripsit</span> <span class='ocrx_word' id='word_1_188' title='bbox 347 3806 489 3887; x_wconf 88' lang='lat' dir='ltr'>equidem</span> <span class='ocrx_word' id='word_1_189' title='bbox 505 3804 609 3868; x_wconf 89' lang='lat' dir='ltr'>divina</span> <span class='ocrx_word' id='word_1_190' title='bbox 631 3805 842 3886; x_wconf 90' lang='lat' dir='ltr'>potiusquam</span> <span class='ocrx_word' id='word_1_191' title='bbox 866 3804 1005 3865; x_wconf 88' lang='lat' dir='ltr'>humana</span> <span class='ocrx_word' id='word_1_192' title='bbox 1027 3801 1072 3874; x_wconf 72' lang='lat' dir='ltr'>fa-</span> 
     </span>
     <span class='ocr_line' id='line_1_31' title="bbox 200 3890 1072 3972; baseline -0.01 -13"><span class='ocrx_word' id='word_1_193' title='bbox 200 3894 313 3959; x_wconf 91' lang='lat' dir='ltr'>cundia</span> <span class='ocrx_word' id='word_1_194' title='bbox 341 3895 433 3958; x_wconf 91' lang='lat' dir='ltr'>libros</span> <span class='ocrx_word' id='word_1_195' title='bbox 456 3895 587 3968; x_wconf 92' lang='lat' dir='ltr'>multos,</span> <span class='ocrx_word' id='word_1_196' title='bbox 621 3897 652 3956; x_wconf 91' lang='lat' dir='ltr'>et</span> <span class='ocrx_word' id='word_1_197' title='bbox 673 3895 709 3955; x_wconf 90' lang='lat' dir='ltr'>ut</span> <span class='ocrx_word' id='word_1_198' title='bbox 731 3893 768 3956; x_wconf 87' lang='lat' dir='ltr'>dc</span> <span class='ocrx_word' id='word_1_199' title='bbox 792 3911 825 3956; x_wconf 88' lang='lat' dir='ltr'>eo</span> <span class='ocrx_word' id='word_1_200' title='bbox 849 3910 927 3972; x_wconf 91' lang='lat' dir='ltr'>quae</span> <span class='ocrx_word' id='word_1_201' title='bbox 958 3890 1072 3971; x_wconf 89' lang='lat' dir='ltr'>scripta</span> 
     </span>
     <span class='ocr_line' id='line_1_32' title="bbox 201 3977 1073 4062; baseline -0.008 -16"><span class='ocrx_word' id='word_1_202' title='bbox 201 3987 276 4047; x_wconf 89' lang='lat' dir='ltr'>sunt</span> <span class='ocrx_word' id='word_1_203' title='bbox 299 3984 339 4046; x_wconf 91' lang='lat' dir='ltr'>ad</span> <span class='ocrx_word' id='word_1_204' title='bbox 361 3985 538 4046; x_wconf 88' lang='lat' dir='ltr'>contextum</span> <span class='ocrx_word' id='word_1_205' title='bbox 559 3981 700 4056; x_wconf 89' lang='lat' dir='ltr'>referam,</span> <span class='ocrx_word' id='word_1_206' title='bbox 724 3981 842 4062; x_wconf 92' lang='lat' dir='ltr'>primus</span> <span class='ocrx_word' id='word_1_207' title='bbox 866 3978 1004 4042; x_wconf 89' lang='lat' dir='ltr'>omnium</span> <span class='ocrx_word' id='word_1_208' title='bbox 1020 3977 1073 4040; x_wconf 91' lang='lat' dir='ltr'>tri-</span> 
     </span>
     <span class='ocr_line' id='line_1_33' title="bbox 198 4066 1072 4154; baseline -0.008 -20"><span class='ocrx_word' id='word_1_209' title='bbox 198 4072 348 4154; x_wconf 83' lang='lat' dir='ltr'>partitam</span> <span class='ocrx_word' id='word_1_210' title='bbox 374 4071 596 4152; x_wconf 89' lang='lat' dir='ltr'>philosophiam</span> <span class='ocrx_word' id='word_1_211' title='bbox 619 4069 772 4151; x_wconf 89' lang='lat' dir='ltr'>copulavit</span> <span class='ocrx_word' id='word_1_212' title='bbox 799 4071 831 4131; x_wconf 91' lang='lat' dir='ltr'>et</span> <span class='ocrx_word' id='word_1_213' title='bbox 862 4067 919 4130; x_wconf 92' lang='lat' dir='ltr'>sibi</span> <span class='ocrx_word' id='word_1_214' title='bbox 941 4066 1072 4129; x_wconf 85' lang='lat' dir='ltr'>invicem</span> 
     </span>
     <span class='ocr_line' id='line_1_34' title="bbox 198 4155 1073 4241; baseline -0.009 -17"><span class='ocrx_word' id='word_1_215' title='bbox 198 4161 389 4224; x_wconf 87' lang='lat' dir='ltr'>necessarias</span> <span class='ocrx_word' id='word_1_216' title='bbox 413 4161 514 4241; x_wconf 89' lang='lat' dir='ltr'>partes</span> <span class='ocrx_word' id='word_1_217' title='bbox 536 4178 593 4222; x_wconf 90' lang='lat' dir='ltr'>nec</span> <span class='ocrx_word' id='word_1_218' title='bbox 615 4177 752 4241; x_wconf 86' lang='lat' dir='ltr'>pugnare</span> <span class='ocrx_word' id='word_1_219' title='bbox 775 4157 854 4220; x_wconf 88' lang='lat' dir='ltr'>inter</span> <span class='ocrx_word' id='word_1_220' title='bbox 878 4174 909 4219; x_wconf 90' lang='lat' dir='ltr'>se</span> <span class='ocrx_word' id='word_1_221' title='bbox 933 4155 1073 4218; x_wconf 90' lang='lat' dir='ltr'>tantum-</span> 
     </span>
     <span class='ocr_line' id='line_1_35' title="bbox 200 4243 1074 4312; baseline -0.009 0"><span class='ocrx_word' id='word_1_222' title='bbox 200 4247 292 4312; x_wconf 88' lang='lat' dir='ltr'>mode</span> <span class='ocrx_word' id='word_1_223' title='bbox 308 4248 361 4311; x_wconf 89' lang='lat' dir='ltr'>sed</span> <span class='ocrx_word' id='word_1_224' title='bbox 380 4249 474 4312; x_wconf 88' lang='lat' dir='ltr'>ctiam</span> <span class='ocrx_word' id='word_1_225' title='bbox 490 4247 609 4310; x_wconf 91' lang='lat' dir='ltr'>mutuis</span> <span class='ocrx_word' id='word_1_226' title='bbox 627 4265 659 4310; x_wconf 88' lang='lat' dir='ltr'>se</span> <span class='ocrx_word' id='word_1_227' title='bbox 675 4246 820 4310; x_wconf 88' lang='lat' dir='ltr'>adiuvare</span> <span class='ocrx_word' id='word_1_228' title='bbox 836 4243 957 4307; x_wconf 86' lang='lat' dir='ltr'>auxiliis</span> <span class='ocrx_word' id='word_1_229' title='bbox 974 4245 1074 4305; x_wconf 91' lang='lat' dir='ltr'>osten-</span> 
     </span>
     <span class='ocr_line' id='line_1_36' title="bbox 201 4331 1073 4419; baseline -0.007 -20"><span class='ocrx_word' id='word_1_230' title='bbox 201 4337 293 4419; x_wconf 68' lang='lat' dir='ltr'>dits’)</span> <span class='ocrx_word' id='word_1_231' title='bbox 340 4335 421 4399; x_wconf 89' lang='lat' dir='ltr'>Nam</span> <span class='ocrx_word' id='word_1_232' title='bbox 452 4335 593 4417; x_wconf 91' lang='lat' dir='ltr'>quamvis</span> <span class='ocrx_word' id='word_1_233' title='bbox 621 4335 658 4398; x_wconf 92' lang='lat' dir='ltr'>de</span> <span class='ocrx_word' id='word_1_234' title='bbox 687 4334 813 4398; x_wconf 89' lang='lat' dir='ltr'>diversis</span> <span class='ocrx_word' id='word_1_235' title='bbox 840 4331 968 4395; x_wconf 84' lang='lat' dir='ltr'>officinis</span> <span class='ocrx_word' id='word_1_236' title='bbox 998 4332 1073 4394; x_wconf 85' lang='lat' dir='ltr'>haec</span> 
     </span>
    </p>
   </div>
   <div class='ocr_carea' id='block_1_6' title="bbox 201 4559 1075 4917">
    <p class='ocr_par' dir='ltr' id='par_1_6' title="bbox 201 4559 1075 4917">
     <span class='ocr_line' id='line_1_37' title="bbox 257 4559 1073 4633; baseline -0.006 -17"><span class='ocrx_word' id='word_1_237' title='bbox 257 4565 277 4633; x_wconf 86' lang='lat'>¹)</span> <span class='ocrx_word' id='word_1_238' title='bbox 302 4565 363 4616; x_wconf 76' lang='lat' dir='ltr'>Le.</span> <span class='ocrx_word' id='word_1_239' title='bbox 398 4564 437 4616; x_wconf 92' lang='lat' dir='ltr'>ei.</span> <span class='ocrx_word' id='word_1_240' title='bbox 485 4563 525 4616; x_wconf 87' lang='lat' dir='ltr'>Dc</span> <span class='ocrx_word' id='word_1_241' title='bbox 552 4563 602 4616; x_wconf 90' lang='lat' dir='ltr'>hec</span> <span class='ocrx_word' id='word_1_242' title='bbox 630 4563 769 4617; x_wconf 85' lang='lat' dir='ltr'>Petrareae</span> <span class='ocrx_word' id='word_1_243' title='bbox 796 4577 849 4615; x_wconf 86' lang='lat' dir='ltr'>usu</span> <span class='ocrx_word' id='word_1_244' title='bbox 875 4559 1000 4628; x_wconf 86' lang='lat' dir='ltr'>loquendi</span> <span class='ocrx_word' id='word_1_245' title='bbox 1027 4561 1073 4612; x_wconf 89' lang='lat' dir='ltr'>cfr.</span> 
     </span>
     <span class='ocr_line' id='line_1_38' title="bbox 201 4630 1074 4703; baseline -0.007 -15"><span class='ocrx_word' id='word_1_246' title='bbox 201 4635 335 4703; x_wconf 78' lang='lat' dir='ltr'>Koertr&#39;np</span> <span class='ocrx_word' id='word_1_247' title='bbox 353 4635 370 4688; x_wconf 95' lang='lat' dir='ltr'>l.</span> <span class='ocrx_word' id='word_1_248' title='bbox 390 4651 412 4688; x_wconf 91' lang='lat' dir='ltr'>c.</span> <span class='ocrx_word' id='word_1_249' title='bbox 433 4652 457 4702; x_wconf 89' lang='lat' dir='ltr'>p.</span> <span class='ocrx_word' id='word_1_250' title='bbox 477 4635 537 4688; x_wconf 77' lang='lat'>537.</span> <span class='ocrx_word' id='word_1_251' title='bbox 558 4665 591 4672; x_wconf 92' lang='lat'>-</span> <span class='ocrx_word' id='word_1_252' title='bbox 610 4635 631 4701; x_wconf 66' lang='lat'>2)</span> <span class='ocrx_word' id='word_1_253' title='bbox 659 4633 708 4686; x_wconf 84' lang='lat' dir='ltr'>Ed.</span> <span class='ocrx_word' id='word_1_254' title='bbox 727 4633 792 4686; x_wconf 84' lang='lat' dir='ltr'>Bos.</span> <span class='ocrx_word' id='word_1_255' title='bbox 812 4635 839 4685; x_wconf 86' lang='lat' dir='ltr'>et</span> <span class='ocrx_word' id='word_1_256' title='bbox 856 4632 938 4684; x_wconf 80' lang='lat' dir='ltr'>Bere.</span> <span class='ocrx_word' id='word_1_257' title='bbox 958 4630 1074 4683; x_wconf 77' lang='lat' dir='ltr'>Theode-</span> 
     </span>
     <span class='ocr_line' id='line_1_39' title="bbox 201 4701 1074 4773; baseline -0.008 -13"><span class='ocrx_word' id='word_1_258' title='bbox 201 4709 282 4761; x_wconf 87' lang='lat' dir='ltr'>sium.</span> <span class='ocrx_word' id='word_1_259' title='bbox 302 4706 375 4772; x_wconf 71' lang='grc'>-11</span> <span class='ocrx_word' id='word_1_260' title='bbox 395 4705 444 4758; x_wconf 79' lang='lat' dir='ltr'>Ed.</span> <span class='ocrx_word' id='word_1_261' title='bbox 460 4705 525 4758; x_wconf 73' lang='lat' dir='ltr'>Bos.</span> <span class='ocrx_word' id='word_1_262' title='bbox 545 4707 571 4757; x_wconf 89' lang='grc'>11</span> <span class='ocrx_word' id='word_1_263' title='bbox 588 4705 669 4757; x_wconf 80' lang='lat' dir='ltr'>Bora.</span> <span class='ocrx_word' id='word_1_264' title='bbox 689 4704 834 4773; x_wconf 83' lang='lat' dir='ltr'>castigatis</span> <span class='ocrx_word' id='word_1_265' title='bbox 854 4735 887 4741; x_wconf 98' lang='lat'><strong>—</strong></span> <span class='ocrx_word' id='word_1_266' title='bbox 906 4701 926 4771; x_wconf 74' lang='lat'>⁴)</span> <span class='ocrx_word' id='word_1_267' title='bbox 946 4701 995 4753; x_wconf 78' lang='lat' dir='ltr'>Ed.</span> <span class='ocrx_word' id='word_1_268' title='bbox 1009 4701 1074 4754; x_wconf 82' lang='lat' dir='ltr'>Bos.</span> 
     </span>
     <span class='ocr_line' id='line_1_40' title="bbox 202 4772 1075 4844; baseline -0.007 -14"><span class='ocrx_word' id='word_1_269' title='bbox 202 4781 230 4830; x_wconf 87' lang='lat' dir='ltr'>ct</span> <span class='ocrx_word' id='word_1_270' title='bbox 242 4777 322 4830; x_wconf 69' lang='lat' dir='ltr'>Beroe.</span> <span class='ocrx_word' id='word_1_271' title='bbox 342 4776 499 4829; x_wconf 85' lang='lat' dir='ltr'>libellorum.</span> <span class='ocrx_word' id='word_1_272' title='bbox 514 4807 547 4814; x_wconf 92' lang='lat'><em>-</em></span> <span class='ocrx_word' id='word_1_273' title='bbox 563 4775 584 4844; x_wconf 77' lang='lat'>⁵)</span> <span class='ocrx_word' id='word_1_274' title='bbox 603 4775 653 4828; x_wconf 84' lang='lat' dir='ltr'>Ed.</span> <span class='ocrx_word' id='word_1_275' title='bbox 667 4775 731 4828; x_wconf 85' lang='lat' dir='ltr'>Bes.</span> <span class='ocrx_word' id='word_1_276' title='bbox 746 4777 772 4828; x_wconf 90' lang='lat' dir='ltr'>et</span> <span class='ocrx_word' id='word_1_277' title='bbox 783 4775 864 4828; x_wconf 81' lang='lat' dir='ltr'>Bora.</span> <span class='ocrx_word' id='word_1_278' title='bbox 884 4772 1075 4828; x_wconf 78' lang='lat' dir='ltr'>inventoribus</span> 
     </span>
     <span class='ocr_line' id='line_1_41' title="bbox 204 4847 727 4917; baseline -0.008 -15"><span class='ocrx_word' id='word_1_279' title='bbox 204 4879 238 4888; x_wconf 90' lang='lat'>-</span> <span class='ocrx_word' id='word_1_280' title='bbox 257 4849 279 4917; x_wconf 79' lang='lat'>⁶)</span> <span class='ocrx_word' id='word_1_281' title='bbox 298 4847 559 4902; x_wconf 69' lang='grc'>1111111111.</span> <span class='ocrx_word' id='word_1_282' title='bbox 578 4847 727 4900; x_wconf 84' lang='lat' dir='ltr'>ostendunt.</span> 
     </span>
    </p>
   </div>
   <div class='ocr_carea' id='block_1_7' title="bbox 1149 355 2035 2380">
    <p class='ocr_par' dir='ltr' id='par_1_7' title="bbox 1149 355 2023 1480">
     <span class='ocr_line' id='line_1_42' title="bbox 1217 355 2008 438; baseline 0.003 -18"><span class='ocrx_word' id='word_1_283' title='bbox 1217 355 1339 436; x_wconf 83' lang='lat' dir='ltr'>Apulei.</span> <span class='ocrx_word' id='word_1_284' title='bbox 1365 357 1382 420; x_wconf 93' lang='grc'>1.</span> <span class='ocrx_word' id='word_1_285' title='bbox 1407 380 1430 420; x_wconf 92' lang='lat' dir='ltr'>e.</span> <span class='ocrx_word' id='word_1_286' title='bbox 1456 377 1481 420; x_wconf 91' lang='lat' dir='ltr'>c.</span> <span class='ocrx_word' id='word_1_287' title='bbox 1498 360 1527 420; x_wconf 86' lang='lat'>3.</span> <span class='ocrx_word' id='word_1_288' title='bbox 1570 357 1630 420; x_wconf 81' lang='lat' dir='ltr'>Sed</span> <span class='ocrx_word' id='word_1_289' title='bbox 1652 361 1853 438; x_wconf 87' lang='lat' dir='ltr'>posteaquam</span> <span class='ocrx_word' id='word_1_290' title='bbox 1878 357 2008 434; x_wconf 76' lang='lat' dir='ltr'>Socrate</span> 
     </span>
     <span class='ocr_line' id='line_1_43' title="bbox 1152 445 2009 527; baseline 0.006 -19"><span class='ocrx_word' id='word_1_291' title='bbox 1152 446 1290 509; x_wconf 88' lang='lat' dir='ltr'>hemines</span> <span class='ocrx_word' id='word_1_292' title='bbox 1313 446 1445 526; x_wconf 90' lang='lat' dir='ltr'>reliquit,</span> <span class='ocrx_word' id='word_1_293' title='bbox 1470 445 1620 526; x_wconf 89' lang='lat' dir='ltr'>quaesivit</span> <span class='ocrx_word' id='word_1_294' title='bbox 1641 446 1721 508; x_wconf 88' lang='lat' dir='ltr'>unde</span> <span class='ocrx_word' id='word_1_295' title='bbox 1738 448 1902 527; x_wconf 87' lang='lat' dir='ltr'>proliceret,</span> <span class='ocrx_word' id='word_1_296' title='bbox 1925 451 1956 510; x_wconf 91' lang='lat' dir='ltr'>ct</span> <span class='ocrx_word' id='word_1_297' title='bbox 1978 468 2009 512; x_wconf 68' lang='lat' dir='ltr'>aa</span> 
     </span>
     <span class='ocr_line' id='line_1_44' title="bbox 1152 534 2005 615; baseline 0.001 -19"><span class='ocrx_word' id='word_1_298' title='bbox 1152 534 1343 614; x_wconf 81' lang='lat' dir='ltr'>Pythagorae</span> <span class='ocrx_word' id='word_1_299' title='bbox 1375 534 1566 615; x_wconf 88' lang='lat' dir='ltr'>disciplinam</span> <span class='ocrx_word' id='word_1_300' title='bbox 1596 553 1628 596; x_wconf 91' lang='lat' dir='ltr'>se</span> <span class='ocrx_word' id='word_1_301' title='bbox 1657 535 1794 597; x_wconf 90' lang='lat' dir='ltr'>contulit.</span> <span class='ocrx_word' id='word_1_302' title='bbox 1837 535 2005 612; x_wconf 74' lang='grc'>(1111111</span> 
     </span>
     <span class='ocr_line' id='line_1_45' title="bbox 1150 621 2011 702; baseline 0.002 -18"><span class='ocrx_word' id='word_1_303' title='bbox 1150 623 1267 686; x_wconf 86' lang='lat' dir='ltr'>ratione</span> <span class='ocrx_word' id='word_1_304' title='bbox 1285 623 1422 702; x_wconf 84' lang='lat' dir='ltr'>diligenti</span> <span class='ocrx_word' id='word_1_305' title='bbox 1445 625 1477 684; x_wconf 88' lang='lat' dir='ltr'>et</span> <span class='ocrx_word' id='word_1_306' title='bbox 1499 621 1662 700; x_wconf 89' lang='lat' dir='ltr'>magnifica</span> <span class='ocrx_word' id='word_1_307' title='bbox 1684 623 1870 686; x_wconf 88' lang='lat' dir='ltr'>instructam</span> <span class='ocrx_word' id='word_1_308' title='bbox 1885 624 2011 686; x_wconf 86' lang='lat' dir='ltr'>videbat</span> 
     </span>
     <span class='ocr_line' id='line_1_46' title="bbox 1150 710 2013 791; baseline 0.001 -19"><span class='ocrx_word' id='word_1_309' title='bbox 1150 729 1253 774; x_wconf 90' lang='lat' dir='ltr'>rerum</span> <span class='ocrx_word' id='word_1_310' title='bbox 1276 714 1380 774; x_wconf 87' lang='lat' dir='ltr'>tamen</span> <span class='ocrx_word' id='word_1_311' title='bbox 1403 710 1622 774; x_wconf 88' lang='lat' dir='ltr'>continentiam</span> <span class='ocrx_word' id='word_1_312' title='bbox 1654 712 1685 773; x_wconf 89' lang='lat' dir='ltr'>et</span> <span class='ocrx_word' id='word_1_313' title='bbox 1712 711 1888 775; x_wconf 87' lang='lat' dir='ltr'>castitatem</span> <span class='ocrx_word' id='word_1_314' title='bbox 1918 713 2013 791; x_wconf 57' lang='lat' dir='ltr'>magis</span> 
     </span>
     <span class='ocr_line' id='line_1_47' title="bbox 1150 797 2014 880; baseline 0.005 -19"><span class='ocrx_word' id='word_1_315' title='bbox 1150 799 1291 880; x_wconf 89' lang='lat' dir='ltr'>cupiebat</span> <span class='ocrx_word' id='word_1_316' title='bbox 1313 799 1436 862; x_wconf 92' lang='lat' dir='ltr'>imitari.</span> <span class='ocrx_word' id='word_1_317' title='bbox 1486 798 1527 860; x_wconf 83' lang='lat' dir='ltr'>Et</span> <span class='ocrx_word' id='word_1_318' title='bbox 1549 797 1630 878; x_wconf 93' lang='lat' dir='ltr'>qued</span> <span class='ocrx_word' id='word_1_319' title='bbox 1651 798 1912 880; x_wconf 87' lang='lat' dir='ltr'>Pythagoreorum</span> <span class='ocrx_word' id='word_1_320' title='bbox 1934 799 2014 879; x_wconf 67' lang='lat' dir='ltr'>inge-2</span> 
     </span>
     <span class='ocr_line' id='line_1_48' title="bbox 1149 885 2015 968; baseline -0.006 -19"><span class='ocrx_word' id='word_1_321' title='bbox 1149 887 1237 949; x_wconf 91' lang='lat' dir='ltr'>nium</span> <span class='ocrx_word' id='word_1_322' title='bbox 1260 886 1403 949; x_wconf 92' lang='lat' dir='ltr'>adiutum</span> <span class='ocrx_word' id='word_1_323' title='bbox 1419 885 1586 968; x_wconf 90' lang='lat' dir='ltr'>disciplinis</span> <span class='ocrx_word' id='word_1_324' title='bbox 1603 886 1671 949; x_wconf 92' lang='lat' dir='ltr'>aliis</span> <span class='ocrx_word' id='word_1_325' title='bbox 1693 887 1852 962; x_wconf 85' lang='lat' dir='ltr'>sentiebat,</span> <span class='ocrx_word' id='word_1_326' title='bbox 1868 886 1907 950; x_wconf 91' lang='lat' dir='ltr'>ad</span> <span class='ocrx_word' id='word_1_327' title='bbox 1923 887 2015 950; x_wconf 79' lang='lat' dir='ltr'>Theo</span> 
     </span>
     <span class='ocr_line' id='line_1_49' title="bbox 1151 974 2017 1057; baseline 0.001 -20"><span class='ocrx_word' id='word_1_328' title='bbox 1151 974 1259 1037; x_wconf 89' lang='lat' dir='ltr'>domm</span> <span class='ocrx_word' id='word_1_329' title='bbox 1276 974 1420 1056; x_wconf 77' lang='lat' dir='ltr'>Cyrenas,</span> <span class='ocrx_word' id='word_1_330' title='bbox 1443 977 1479 1037; x_wconf 94' lang='lat' dir='ltr'>ut</span> <span class='ocrx_word' id='word_1_331' title='bbox 1500 975 1700 1054; x_wconf 86' lang='lat' dir='ltr'>geometriam</span> <span class='ocrx_word' id='word_1_332' title='bbox 1720 975 1859 1051; x_wconf 90' lang='lat' dir='ltr'>disceret,</span> <span class='ocrx_word' id='word_1_333' title='bbox 1883 978 2017 1057; x_wconf 49' lang='grc' dir='ltr'>1111111Ἰ</span> 
     </span>
     <span class='ocr_line' id='line_1_50' title="bbox 1150 1061 2018 1146; baseline 0.001 -20"><span class='ocrx_word' id='word_1_334' title='bbox 1150 1063 1257 1138; x_wconf 88' lang='lat' dir='ltr'>fectus,</span> <span class='ocrx_word' id='word_1_335' title='bbox 1281 1066 1312 1126; x_wconf 92' lang='lat' dir='ltr'>et</span> <span class='ocrx_word' id='word_1_336' title='bbox 1327 1063 1524 1143; x_wconf 87' lang='lat' dir='ltr'>astrologiam</span> <span class='ocrx_word' id='word_1_337' title='bbox 1548 1061 1685 1143; x_wconf 89' lang='lat' dir='ltr'>adusque</span> <span class='ocrx_word' id='word_1_338' title='bbox 1700 1063 1875 1144; x_wconf 89' lang='lat' dir='ltr'>Aegyptum</span> <span class='ocrx_word' id='word_1_339' title='bbox 1898 1064 1953 1126; x_wconf 91' lang='lat' dir='ltr'>ivit</span> <span class='ocrx_word' id='word_1_340' title='bbox 1967 1065 2018 1146; x_wconf 78' lang='lat' dir='ltr'>pe}</span> 
     </span>
     <span class='ocr_line' id='line_1_51' title="bbox 1150 1151 2019 1233; baseline 0.002 -21"><span class='ocrx_word' id='word_1_341' title='bbox 1150 1151 1251 1225; x_wconf 86' lang='lat' dir='ltr'>titum,</span> <span class='ocrx_word' id='word_1_342' title='bbox 1274 1154 1310 1214; x_wconf 90' lang='lat' dir='ltr'>ut</span> <span class='ocrx_word' id='word_1_343' title='bbox 1332 1151 1401 1214; x_wconf 90' lang='lat' dir='ltr'>inde</span> <span class='ocrx_word' id='word_1_344' title='bbox 1424 1151 1640 1233; x_wconf 90' lang='lat' dir='ltr'>prophetarum</span> <span class='ocrx_word' id='word_1_345' title='bbox 1663 1151 1740 1214; x_wconf 88' lang='lat' dir='ltr'>ritus</span> <span class='ocrx_word' id='word_1_346' title='bbox 1763 1151 1856 1215; x_wconf 89' lang='lat' dir='ltr'>etiam</span> <span class='ocrx_word' id='word_1_347' title='bbox 1882 1152 2019 1215; x_wconf 70' lang='lat' dir='ltr'>addisce</span> 
     </span>
     <span class='ocr_line' id='line_1_52' title="bbox 1149 1238 2020 1322; baseline 0 -20"><span class='ocrx_word' id='word_1_348' title='bbox 1149 1242 1205 1302; x_wconf 87' lang='lat' dir='ltr'>ret.</span> <span class='ocrx_word' id='word_1_349' title='bbox 1242 1240 1282 1302; x_wconf 81' lang='grc'>111</span> <span class='ocrx_word' id='word_1_350' title='bbox 1304 1238 1343 1302; x_wconf 89' lang='lat' dir='ltr'>ad</span> <span class='ocrx_word' id='word_1_351' title='bbox 1365 1240 1489 1302; x_wconf 91' lang='lat' dir='ltr'>ltaliam</span> <span class='ocrx_word' id='word_1_352' title='bbox 1511 1239 1622 1302; x_wconf 92' lang='lat' dir='ltr'>iterum</span> <span class='ocrx_word' id='word_1_353' title='bbox 1645 1240 1728 1302; x_wconf 89' lang='lat' dir='ltr'>venit</span> <span class='ocrx_word' id='word_1_354' title='bbox 1751 1242 1782 1302; x_wconf 88' lang='lat' dir='ltr'>et</span> <span class='ocrx_word' id='word_1_355' title='bbox 1801 1239 2020 1322; x_wconf 82' lang='lat' dir='ltr'>Pythagoreos,</span> 
     </span>
     <span class='ocr_line' id='line_1_53' title="bbox 1149 1327 2021 1409; baseline 0.001 -20"><span class='ocrx_word' id='word_1_356' title='bbox 1149 1327 1316 1409; x_wconf 76' lang='lat' dir='ltr'>Eurytum,</span> <span class='ocrx_word' id='word_1_357' title='bbox 1353 1327 1555 1391; x_wconf 82' lang='lat' dir='ltr'>Tarentinum</span> <span class='ocrx_word' id='word_1_358' title='bbox 1593 1331 1624 1390; x_wconf 89' lang='lat' dir='ltr'>et</span> <span class='ocrx_word' id='word_1_359' title='bbox 1661 1327 1810 1390; x_wconf 89' lang='lat' dir='ltr'>seniorem</span> <span class='ocrx_word' id='word_1_360' title='bbox 1848 1328 2021 1408; x_wconf 83' lang='lat' dir='ltr'>Archytam</span> 
     </span>
     <span class='ocr_line' id='line_1_54' title="bbox 1150 1417 2023 1480; baseline 0 0"><span class='ocrx_word' id='word_1_361' title='bbox 1150 1418 1295 1480; x_wconf 89' lang='lat' dir='ltr'>sectatus.</span> <span class='ocrx_word' id='word_1_362' title='bbox 2021 1417 2023 1480; x_wconf 85' lang='lat'>1</span> 
     </span>
    </p>

    <p class='ocr_par' dir='ltr' id='par_1_8' title="bbox 1150 1502 2033 2204">
     <span class='ocr_line' id='line_1_55' title="bbox 1219 1502 2024 1584; baseline 0 -16"><span class='ocrx_word' id='word_1_363' title='bbox 1219 1503 1281 1568; x_wconf 71' lang='lat' dir='ltr'>ere.</span> <span class='ocrx_word' id='word_1_364' title='bbox 1306 1503 1343 1566; x_wconf 84' lang='lat' dir='ltr'>de</span> <span class='ocrx_word' id='word_1_365' title='bbox 1364 1504 1419 1584; x_wconf 74' lang='lat' dir='ltr'>(iro.</span> <span class='ocrx_word' id='word_1_366' title='bbox 1444 1504 1539 1579; x_wconf 82' lang='lat' dir='ltr'>Vae,</span> <span class='ocrx_word' id='word_1_367' title='bbox 1564 1504 1622 1567; x_wconf 88' lang='lat'>87:</span> <span class='ocrx_word' id='word_1_368' title='bbox 1646 1502 1714 1567; x_wconf 90' lang='lat' dir='ltr'>Nisi</span> <span class='ocrx_word' id='word_1_369' title='bbox 1737 1504 1820 1567; x_wconf 87' lang='lat' dir='ltr'>enim</span> <span class='ocrx_word' id='word_1_370' title='bbox 1841 1504 1873 1566; x_wconf 93' lang='lat' dir='ltr'>id</span> <span class='ocrx_word' id='word_1_371' title='bbox 1895 1505 2024 1579; x_wconf 74' lang='lat' dir='ltr'>faceret,</span> 
     </span>
     <span class='ocr_line' id='line_1_56' title="bbox 1151 1592 2025 1674; baseline -0.002 -18"><span class='ocrx_word' id='word_1_372' title='bbox 1151 1612 1205 1656; x_wconf 92' lang='lat' dir='ltr'>cur</span> <span class='ocrx_word' id='word_1_373' title='bbox 1219 1592 1307 1656; x_wconf 92' lang='lat' dir='ltr'>Plato</span> <span class='ocrx_word' id='word_1_374' title='bbox 1322 1593 1498 1674; x_wconf 89' lang='lat' dir='ltr'>Aegyptum</span> <span class='ocrx_word' id='word_1_375' title='bbox 1513 1592 1694 1674; x_wconf 89' lang='lat' dir='ltr'>peragravit,</span> <span class='ocrx_word' id='word_1_376' title='bbox 1717 1594 1753 1655; x_wconf 90' lang='lat' dir='ltr'>ut</span> <span class='ocrx_word' id='word_1_377' title='bbox 1775 1611 1794 1655; x_wconf 94' lang='lat' dir='ltr'>a</span> <span class='ocrx_word' id='word_1_378' title='bbox 1810 1593 2025 1656; x_wconf 85' lang='lat' dir='ltr'>sacerdotibus</span> 
     </span>
     <span class='ocr_line' id='line_1_57' title="bbox 1150 1680 2027 1762; baseline -0.001 -19"><span class='ocrx_word' id='word_1_379' title='bbox 1150 1681 1289 1744; x_wconf 89' lang='lat' dir='ltr'>barbaris</span> <span class='ocrx_word' id='word_1_380' title='bbox 1325 1700 1469 1745; x_wconf 89' lang='lat' dir='ltr'>numeres</span> <span class='ocrx_word' id='word_1_381' title='bbox 1512 1684 1543 1744; x_wconf 91' lang='grc'>11</span> <span class='ocrx_word' id='word_1_382' title='bbox 1576 1680 1719 1744; x_wconf 89' lang='lat' dir='ltr'>caelestia</span> <span class='ocrx_word' id='word_1_383' title='bbox 1755 1682 1928 1762; x_wconf 77' lang='lat' dir='ltr'>acciperet?</span> <span class='ocrx_word' id='word_1_384' title='bbox 1963 1691 2027 1762; x_wconf 78' lang='lat' dir='ltr'>cur</span> 
     </span>
     <span class='ocr_line' id='line_1_58' title="bbox 1150 1769 2028 1851; baseline 0 -19"><span class='ocrx_word' id='word_1_385' title='bbox 1150 1772 1217 1851; x_wconf 90' lang='lat' dir='ltr'>post</span> <span class='ocrx_word' id='word_1_386' title='bbox 1239 1769 1408 1832; x_wconf 85' lang='lat' dir='ltr'>Tarentum</span> <span class='ocrx_word' id='word_1_387' title='bbox 1439 1769 1479 1832; x_wconf 92' lang='lat' dir='ltr'>ad</span> <span class='ocrx_word' id='word_1_388' title='bbox 1506 1769 1699 1850; x_wconf 77' lang='lat' dir='ltr'>Archytam?</span> <span class='ocrx_word' id='word_1_389' title='bbox 1733 1787 1788 1831; x_wconf 91' lang='lat' dir='ltr'>cur</span> <span class='ocrx_word' id='word_1_390' title='bbox 1818 1769 1856 1832; x_wconf 90' lang='lat' dir='ltr'>ad</span> <span class='ocrx_word' id='word_1_391' title='bbox 1887 1769 2028 1849; x_wconf 79' lang='lat' dir='ltr'>reliques</span> 
     </span>
     <span class='ocr_line' id='line_1_59' title="bbox 1151 1857 2029 1938; baseline 0.005 -20"><span class='ocrx_word' id='word_1_392' title='bbox 1151 1857 1373 1938; x_wconf 77' lang='lat' dir='ltr'>Pythagoram,</span> <span class='ocrx_word' id='word_1_393' title='bbox 1412 1857 1627 1932; x_wconf 80' lang='lat' dir='ltr'>Echecratem,</span> <span class='ocrx_word' id='word_1_394' title='bbox 1661 1857 1840 1920; x_wconf 83' lang='lat' dir='ltr'>Timaeum.</span> <span class='ocrx_word' id='word_1_395' title='bbox 1875 1857 2029 1922; x_wconf 84' lang='lat' dir='ltr'>Arionem</span> 
     </span>
     <span class='ocr_line' id='line_1_60' title="bbox 1151 1944 2031 2031; baseline -0.001 -23"><span class='ocrx_word' id='word_1_396' title='bbox 1151 1945 1268 2021; x_wconf 85' lang='lat' dir='ltr'>Locros,</span> <span class='ocrx_word' id='word_1_397' title='bbox 1289 1949 1420 2023; x_wconf 75' lang='grc'>11111</span> <span class='ocrx_word' id='word_1_398' title='bbox 1437 1945 1595 2010; x_wconf 85' lang='lat' dir='ltr'>Socratem</span> <span class='ocrx_word' id='word_1_399' title='bbox 1611 1945 1817 2026; x_wconf 84' lang='lat' dir='ltr'>expressisset,</span> <span class='ocrx_word' id='word_1_400' title='bbox 1839 1944 2031 2031; x_wconf 50' lang='lat' dir='ltr'>adiungeret}</span> 
     </span>
     <span class='ocr_line' id='line_1_61' title="bbox 1152 2032 2032 2118; baseline 0 -22"><span class='ocrx_word' id='word_1_401' title='bbox 1152 2033 1412 2115; x_wconf 90' lang='lat' dir='ltr'>Pythagoreorum</span> <span class='ocrx_word' id='word_1_402' title='bbox 1435 2034 1627 2115; x_wconf 87' lang='lat' dir='ltr'>disciplinam</span> <span class='ocrx_word' id='word_1_403' title='bbox 1651 2052 1754 2114; x_wconf 89' lang='lat' dir='ltr'>eaque,</span> <span class='ocrx_word' id='word_1_404' title='bbox 1778 2052 1856 2113; x_wconf 90' lang='lat' dir='ltr'>quae</span> <span class='ocrx_word' id='word_1_405' title='bbox 1878 2032 2032 2118; x_wconf 75' lang='lat' dir='ltr'>Socrates{</span> 
     </span>
     <span class='ocr_line' id='line_1_62' title="bbox 1151 2121 1552 2204; baseline 0.001 -21"><span class='ocrx_word' id='word_1_406' title='bbox 1151 2121 1338 2204; x_wconf 90' lang='lat' dir='ltr'>repudiabat,</span> <span class='ocrx_word' id='word_1_407' title='bbox 1362 2122 1552 2186; x_wconf 78' lang='lat' dir='ltr'>addisceret?</span> 
     </span>
    </p>

    <p class='ocr_par' dir='ltr' id='par_1_9' title="bbox 1151 2205 2035 2380">
     <span class='ocr_line' id='line_1_63' title="bbox 1221 2207 2035 2291; baseline -0.004 -18"><span class='ocrx_word' id='word_1_408' title='bbox 1221 2207 1282 2274; x_wconf 73' lang='lat' dir='ltr'>Ode.</span> <span class='ocrx_word' id='word_1_409' title='bbox 1308 2209 1398 2272; x_wconf 83' lang='lat' dir='ltr'>Tese.</span> <span class='ocrx_word' id='word_1_410' title='bbox 1423 2210 1438 2272; x_wconf 93' lang='grc' dir='ltr'>Ι</span> <span class='ocrx_word' id='word_1_411' title='bbox 1463 2212 1513 2286; x_wconf 83' lang='grc'>16,</span> <span class='ocrx_word' id='word_1_412' title='bbox 1530 2212 1589 2274; x_wconf 85' lang='lat'>38:</span> <span class='ocrx_word' id='word_1_413' title='bbox 1614 2209 1805 2290; x_wconf 87' lang='lat' dir='ltr'>Pherecydes</span> <span class='ocrx_word' id='word_1_414' title='bbox 1830 2209 1936 2291; x_wconf 84' lang='lat' dir='ltr'>Syrius</span> <span class='ocrx_word' id='word_1_415' title='bbox 1959 2229 2035 2290; x_wconf 91' lang='lat' dir='ltr'>pn</span> 
     </span>
     <span class='ocr_line' id='line_1_64' title="bbox 1151 2298 2016 2380; baseline -0.001 -19"><span class='ocrx_word' id='word_1_416' title='bbox 1151 2317 1221 2361; x_wconf 91' lang='lat' dir='ltr'>mus</span> <span class='ocrx_word' id='word_1_417' title='bbox 1238 2299 1321 2374; x_wconf 84' lang='lat' dir='ltr'>dixit,</span> <span class='ocrx_word' id='word_1_418' title='bbox 1338 2298 1456 2363; x_wconf 91' lang='lat' dir='ltr'>animes</span> <span class='ocrx_word' id='word_1_419' title='bbox 1472 2319 1538 2364; x_wconf 88' lang='lat' dir='ltr'>esse</span> <span class='ocrx_word' id='word_1_420' title='bbox 1554 2298 1715 2362; x_wconf 91' lang='lat' dir='ltr'>hominum</span> <span class='ocrx_word' id='word_1_421' title='bbox 1732 2298 1932 2380; x_wconf 90' lang='lat' dir='ltr'>sempiternes</span> <span class='ocrx_word' id='word_1_422' title='bbox 1946 2346 1952 2360; x_wconf 87' lang='lat'><strong>.</strong></span> <span class='ocrx_word' id='word_1_423' title='bbox 1967 2346 1973 2359; x_wconf 92' lang='lat'><strong>.</strong></span> <span class='ocrx_word' id='word_1_424' title='bbox 1988 2347 1993 2360; x_wconf 92' lang='lat'>.</span> <span class='ocrx_word' id='word_1_425' title='bbox 2010 2346 2016 2359; x_wconf 93' lang='lat'>.</span> 
     </span>
    </p>
   </div>
   <div class='ocr_carea' id='block_1_8' title="bbox 1135 2387 2037 2470">
    <p class='ocr_par' dir='ltr' id='par_1_10' title="bbox 1135 2387 2037 2470">
     <span class='ocr_line' id='line_1_65' title="bbox 1135 2387 2037 2470; baseline -0.007 -20"><span class='ocrx_word' id='word_1_426' title='bbox 1135 2387 1242 2470; x_wconf 51' lang='lat' dir='ltr'>¹Hanc</span> <span class='ocrx_word' id='word_1_427' title='bbox 1265 2387 1436 2468; x_wconf 89' lang='lat' dir='ltr'>opinionem</span> <span class='ocrx_word' id='word_1_428' title='bbox 1459 2387 1625 2470; x_wconf 89' lang='lat' dir='ltr'>discipulus</span> <span class='ocrx_word' id='word_1_429' title='bbox 1653 2387 1719 2450; x_wconf 87' lang='lat' dir='ltr'>eius</span> <span class='ocrx_word' id='word_1_430' title='bbox 1739 2387 1929 2466; x_wconf 87' lang='lat' dir='ltr'>Pythagoras</span> <span class='ocrx_word' id='word_1_431' title='bbox 1952 2391 2037 2468; x_wconf 77' lang='lat' dir='ltr'>ma-{</span> 
     </span>
    </p>
   </div>
   <div class='ocr_carea' id='block_1_9' title="bbox 1151 2469 2038 2996">
    <p class='ocr_par' dir='ltr' id='par_1_11' title="bbox 1151 2469 2042 2910">
     <span class='ocr_line' id='line_1_66' title="bbox 1151 2469 2038 2558; baseline -0.002 -21"><span class='ocrx_word' id='word_1_432' title='bbox 1151 2475 1230 2540; x_wconf 87' lang='lat' dir='ltr'>nime</span> <span class='ocrx_word' id='word_1_433' title='bbox 1251 2474 1442 2539; x_wconf 85' lang='lat' dir='ltr'>confirmavit</span> <span class='ocrx_word' id='word_1_434' title='bbox 1458 2524 1562 2538; x_wconf 88' lang='grc'><strong>.....</strong></span> <span class='ocrx_word' id='word_1_435' title='bbox 1589 2473 1625 2556; x_wconf 87' lang='grc'>(1.</span> <span class='ocrx_word' id='word_1_436' title='bbox 1648 2476 1697 2550; x_wconf 84' lang='grc'>17,</span> <span class='ocrx_word' id='word_1_437' title='bbox 1715 2476 1769 2558; x_wconf 84' lang='grc'>39)</span> <span class='ocrx_word' id='word_1_438' title='bbox 1794 2475 1953 2536; x_wconf 88' lang='lat' dir='ltr'>Platonem</span> <span class='ocrx_word' id='word_1_439' title='bbox 1977 2469 2038 2558; x_wconf 78' lang='grc'>111</span> 
     </span>
     <span class='ocr_line' id='line_1_67' title="bbox 1151 2561 2019 2645; baseline -0.003 -19"><span class='ocrx_word' id='word_1_440' title='bbox 1151 2566 1233 2640; x_wconf 90' lang='lat' dir='ltr'>runt,</span> <span class='ocrx_word' id='word_1_441' title='bbox 1255 2567 1292 2627; x_wconf 90' lang='lat' dir='ltr'>ut</span> <span class='ocrx_word' id='word_1_442' title='bbox 1315 2564 1522 2645; x_wconf 88' lang='lat' dir='ltr'>Pythagoreos</span> <span class='ocrx_word' id='word_1_443' title='bbox 1545 2565 1747 2643; x_wconf 85' lang='lat' dir='ltr'>cognesceret,</span> <span class='ocrx_word' id='word_1_444' title='bbox 1770 2563 1801 2635; x_wconf 88' lang='lat' dir='ltr'>in</span> <span class='ocrx_word' id='word_1_445' title='bbox 1824 2561 1947 2624; x_wconf 89' lang='lat' dir='ltr'>Italiam</span> <span class='ocrx_word' id='word_1_446' title='bbox 1969 2560 2040 2640; x_wconf 66' lang='lat' dir='ltr'>vel</span> 
     </span>
     <span class='ocr_line' id='line_1_68' title="bbox 1151 2649 2018 2733; baseline -0.001 -20"><span class='ocrx_word' id='word_1_447' title='bbox 1151 2652 1232 2716; x_wconf 91' lang='lat' dir='ltr'>nisse</span> <span class='ocrx_word' id='word_1_448' title='bbox 1255 2656 1286 2716; x_wconf 97' lang='grc'>11</span> <span class='ocrx_word' id='word_1_449' title='bbox 1309 2651 1450 2716; x_wconf 87' lang='lat' dir='ltr'>didicisse</span> <span class='ocrx_word' id='word_1_450' title='bbox 1472 2652 1667 2733; x_wconf 85' lang='lat' dir='ltr'>Pythagorea</span> <span class='ocrx_word' id='word_1_451' title='bbox 1688 2650 1802 2725; x_wconf 89' lang='lat' dir='ltr'>omnia,</span> <span class='ocrx_word' id='word_1_452' title='bbox 1824 2645 2040 2732; x_wconf 67' lang='lat' dir='ltr'>primumque}</span> 
     </span>
     <span class='ocr_line' id='line_1_69' title="bbox 1152 2737 2019 2804; baseline -0.009 -2"><span class='ocrx_word' id='word_1_453' title='bbox 1152 2740 1189 2804; x_wconf 91' lang='lat' dir='ltr'>de</span> <span class='ocrx_word' id='word_1_454' title='bbox 1207 2740 1381 2804; x_wconf 89' lang='lat' dir='ltr'>animorum</span> <span class='ocrx_word' id='word_1_455' title='bbox 1398 2741 1576 2804; x_wconf 88' lang='lat' dir='ltr'>aeternitate</span> <span class='ocrx_word' id='word_1_456' title='bbox 1598 2740 1772 2802; x_wconf 85' lang='lat' dir='ltr'>nouaclum</span> <span class='ocrx_word' id='word_1_457' title='bbox 1788 2738 1918 2802; x_wconf 86' lang='lat' dir='ltr'>sensisse</span> <span class='ocrx_word' id='word_1_458' title='bbox 1937 2737 2019 2800; x_wconf 90' lang='lat' dir='ltr'>idem</span> 
     </span>
     <span class='ocr_line' id='line_1_70' title="bbox 1152 2825 2018 2910; baseline -0.004 -19"><span class='ocrx_word' id='word_1_459' title='bbox 1152 2829 1232 2909; x_wconf 92' lang='lat' dir='ltr'>qued</span> <span class='ocrx_word' id='word_1_460' title='bbox 1255 2829 1478 2910; x_wconf 84' lang='lat' dir='ltr'>Pythagoram,</span> <span class='ocrx_word' id='word_1_461' title='bbox 1505 2829 1558 2892; x_wconf 88' lang='lat' dir='ltr'>sed</span> <span class='ocrx_word' id='word_1_462' title='bbox 1580 2827 1728 2891; x_wconf 88' lang='lat' dir='ltr'>rationem</span> <span class='ocrx_word' id='word_1_463' title='bbox 1752 2827 1847 2890; x_wconf 87' lang='lat' dir='ltr'>etiam</span> <span class='ocrx_word' id='word_1_464' title='bbox 1869 2825 2018 2888; x_wconf 87' lang='lat' dir='ltr'>attulisse.</span> 
     </span>
    </p>

    <p class='ocr_par' dir='ltr' id='par_1_12' title="bbox 1218 2910 2044 3002">
     <span class='ocr_line' id='line_1_71' title="bbox 1218 2910 2019 2996; baseline -0.01 -14"><span class='ocrx_word' id='word_1_465' title='bbox 1218 2915 1278 2982; x_wconf 77' lang='lat' dir='ltr'>cfr.</span> <span class='ocrx_word' id='word_1_466' title='bbox 1300 2915 1663 2996; x_wconf 73' lang='grc'>1111112117,</span> <span class='ocrx_word' id='word_1_467' title='bbox 1687 2934 1780 2996; x_wconf 88' lang='lat' dir='ltr'>quem</span> <span class='ocrx_word' id='word_1_468' title='bbox 1801 2916 1903 2978; x_wconf 91' lang='lat' dir='ltr'>locum</span> <span class='ocrx_word' id='word_1_469' title='bbox 1928 2910 2019 2994; x_wconf 69' lang='lat' dir='ltr'>&#39;supra</span> 
     </span>
    </p>
   </div>
   <div class='ocr_carea' id='block_1_10' title="bbox 1151 3005 1355 3069">
    <p class='ocr_par' dir='ltr' id='par_1_13' title="bbox 1151 3005 1355 3069">
     <span class='ocr_line' id='line_1_72' title="bbox 1151 3005 1355 3069; baseline 0 -2"><span class='ocrx_word' id='word_1_470' title='bbox 1151 3005 1355 3069; x_wconf 90' lang='lat' dir='ltr'>laudavimus.</span> 
     </span>
    </p>
   </div>
   <div class='ocr_carea' id='block_1_11' title="bbox 1151 3177 2023 4041">
    <p class='ocr_par' dir='ltr' id='par_1_14' title="bbox 1218 3177 1938 3261">
     <span class='ocr_line' id='line_1_73' title="bbox 1218 3177 1938 3261; baseline -0.007 -16"><span class='ocrx_word' id='word_1_471' title='bbox 1218 3179 1423 3261; x_wconf 69' lang='grc'>(1111111111,</span> <span class='ocrx_word' id='word_1_472' title='bbox 1447 3179 1465 3243; x_wconf 91' lang='grc'>1.</span> <span class='ocrx_word' id='word_1_473' title='bbox 1490 3200 1514 3242; x_wconf 65' lang='lat' dir='ltr'>e,</span> <span class='ocrx_word' id='word_1_474' title='bbox 1538 3198 1563 3242; x_wconf 92' lang='lat' dir='ltr'>c.</span> <span class='ocrx_word' id='word_1_475' title='bbox 1588 3180 1617 3254; x_wconf 84' lang='lat'>3,</span> <span class='ocrx_word' id='word_1_476' title='bbox 1639 3179 1690 3241; x_wconf 93' lang='lat' dir='ltr'>lin.</span> <span class='ocrx_word' id='word_1_477' title='bbox 1714 3179 1732 3240; x_wconf 85' lang='lat'>5</span> <span class='ocrx_word' id='word_1_478' title='bbox 1757 3177 1847 3241; x_wconf 92' lang='lat' dir='ltr'>huius</span> <span class='ocrx_word' id='word_1_479' title='bbox 1869 3197 1938 3258; x_wconf 87' lang='lat' dir='ltr'>pag.</span> 
     </span>
    </p>

    <p class='ocr_par' dir='ltr' id='par_1_15' title="bbox 1151 3265 2023 4041">
     <span class='ocr_line' id='line_1_74' title="bbox 1216 3265 2019 3350; baseline -0.005 -18"><span class='ocrx_word' id='word_1_480' title='bbox 1216 3268 1340 3350; x_wconf 83' lang='lat' dir='ltr'>Apulei.</span> <span class='ocrx_word' id='word_1_481' title='bbox 1365 3268 1383 3332; x_wconf 84' lang='lat' dir='ltr'>l.</span> <span class='ocrx_word' id='word_1_482' title='bbox 1401 3291 1425 3332; x_wconf 84' lang='lat' dir='ltr'>o.</span> <span class='ocrx_word' id='word_1_483' title='bbox 1451 3289 1476 3332; x_wconf 92' lang='lat' dir='ltr'>c.</span> <span class='ocrx_word' id='word_1_484' title='bbox 1501 3269 1529 3330; x_wconf 88' lang='lat'>3.</span> <span class='ocrx_word' id='word_1_485' title='bbox 1561 3269 1661 3348; x_wconf 86' lang='lat' dir='ltr'>Atque</span> <span class='ocrx_word' id='word_1_486' title='bbox 1685 3267 1724 3329; x_wconf 90' lang='lat' dir='ltr'>ad</span> <span class='ocrx_word' id='word_1_487' title='bbox 1747 3266 1838 3330; x_wconf 88' lang='lat' dir='ltr'>Indos</span> <span class='ocrx_word' id='word_1_488' title='bbox 1861 3270 1891 3328; x_wconf 91' lang='lat' dir='ltr'>et</span> <span class='ocrx_word' id='word_1_489' title='bbox 1913 3265 2019 3344; x_wconf 89' lang='lat' dir='ltr'>Magos</span> 
     </span>
     <span class='ocr_line' id='line_1_75' title="bbox 1151 3353 2020 3430; baseline -0.008 -9"><span class='ocrx_word' id='word_1_490' title='bbox 1151 3359 1332 3422; x_wconf 90' lang='lat' dir='ltr'>intendisset</span> <span class='ocrx_word' id='word_1_491' title='bbox 1355 3359 1503 3430; x_wconf 91' lang='lat' dir='ltr'>animum,</span> <span class='ocrx_word' id='word_1_492' title='bbox 1531 3355 1589 3417; x_wconf 92' lang='lat' dir='ltr'>nisi</span> <span class='ocrx_word' id='word_1_493' title='bbox 1613 3357 1687 3418; x_wconf 92' lang='lat' dir='ltr'>tunc</span> <span class='ocrx_word' id='word_1_494' title='bbox 1710 3375 1781 3418; x_wconf 90' lang='lat' dir='ltr'>eum</span> <span class='ocrx_word' id='word_1_495' title='bbox 1806 3353 1886 3417; x_wconf 91' lang='lat' dir='ltr'>bella</span> <span class='ocrx_word' id='word_1_496' title='bbox 1908 3354 2020 3415; x_wconf 90' lang='lat' dir='ltr'>vetuis-</span> 
     </span>
     <span class='ocr_line' id='line_1_76' title="bbox 1153 3441 2019 3525; baseline -0.007 -15"><span class='ocrx_word' id='word_1_497' title='bbox 1153 3449 1220 3511; x_wconf 89' lang='lat' dir='ltr'>sent</span> <span class='ocrx_word' id='word_1_498' title='bbox 1242 3447 1387 3510; x_wconf 89' lang='lat' dir='ltr'>Asiatica.</span> <span class='ocrx_word' id='word_1_499' title='bbox 1446 3445 1635 3525; x_wconf 78' lang='lat' dir='ltr'>Quapropter</span> <span class='ocrx_word' id='word_1_500' title='bbox 1665 3443 1789 3506; x_wconf 91' lang='lat' dir='ltr'>inventa</span> <span class='ocrx_word' id='word_1_501' title='bbox 1819 3441 2019 3504; x_wconf 87' lang='lat' dir='ltr'>Parmenidae</span> 
     </span>
     <span class='ocr_line' id='line_1_77' title="bbox 1153 3529 2020 3609; baseline -0.008 -11"><span class='ocrx_word' id='word_1_502' title='bbox 1153 3555 1188 3598; x_wconf 93' lang='lat' dir='ltr'>ae</span> <span class='ocrx_word' id='word_1_503' title='bbox 1204 3535 1333 3600; x_wconf 90' lang='lat' dir='ltr'>Zenonis</span> <span class='ocrx_word' id='word_1_504' title='bbox 1357 3533 1523 3598; x_wconf 87' lang='lat' dir='ltr'>studiosius</span> <span class='ocrx_word' id='word_1_505' title='bbox 1540 3535 1701 3594; x_wconf 80' lang='lat' dir='ltr'>exsecutus</span> <span class='ocrx_word' id='word_1_506' title='bbox 1723 3530 1767 3593; x_wconf 88' lang='lat' dir='ltr'>ita</span> <span class='ocrx_word' id='word_1_507' title='bbox 1783 3529 1925 3593; x_wconf 91' lang='lat' dir='ltr'>omnibus</span> <span class='ocrx_word' id='word_1_508' title='bbox 1942 3548 2020 3609; x_wconf 88' lang='lat' dir='ltr'>quae</span> 
     </span>
     <span class='ocr_line' id='line_1_78' title="bbox 1153 3617 2020 3700; baseline -0.008 -14"><span class='ocrx_word' id='word_1_509' title='bbox 1153 3623 1346 3687; x_wconf 90' lang='lat' dir='ltr'>admirationi</span> <span class='ocrx_word' id='word_1_510' title='bbox 1369 3625 1442 3686; x_wconf 91' lang='lat' dir='ltr'>sunt</span> <span class='ocrx_word' id='word_1_511' title='bbox 1465 3619 1587 3700; x_wconf 86' lang='lat' dir='ltr'>singula</span> <span class='ocrx_word' id='word_1_512' title='bbox 1610 3638 1680 3682; x_wconf 88' lang='lat' dir='ltr'>suos</span> <span class='ocrx_word' id='word_1_513' title='bbox 1704 3619 1796 3681; x_wconf 88' lang='lat' dir='ltr'>libros</span> <span class='ocrx_word' id='word_1_514' title='bbox 1820 3617 1956 3698; x_wconf 85' lang='lat' dir='ltr'>explevit,</span> <span class='ocrx_word' id='word_1_515' title='bbox 1984 3621 2020 3679; x_wconf 94' lang='lat' dir='ltr'>ut</span> 
     </span>
     <span class='ocr_line' id='line_1_79' title="bbox 1152 3706 2020 3794; baseline -0.007 -20"><span class='ocrx_word' id='word_1_516' title='bbox 1152 3712 1269 3794; x_wconf 89' lang='lat' dir='ltr'>primus</span> <span class='ocrx_word' id='word_1_517' title='bbox 1286 3711 1472 3792; x_wconf 89' lang='lat' dir='ltr'>tripartitam</span> <span class='ocrx_word' id='word_1_518' title='bbox 1490 3708 1709 3790; x_wconf 91' lang='lat' dir='ltr'>philosophiam</span> <span class='ocrx_word' id='word_1_519' title='bbox 1726 3707 1881 3787; x_wconf 90' lang='lat' dir='ltr'>copularet</span> <span class='ocrx_word' id='word_1_520' title='bbox 1903 3706 2020 3784; x_wconf 90' lang='lat' dir='ltr'>sibique</span> 
     </span>
     <span class='ocr_line' id='line_1_80' title="bbox 1152 3793 2022 3879; baseline -0.009 -17"><span class='ocrx_word' id='word_1_521' title='bbox 1152 3801 1282 3864; x_wconf 81' lang='lat' dir='ltr'>inuicem</span> <span class='ocrx_word' id='word_1_522' title='bbox 1305 3798 1495 3863; x_wconf 87' lang='lat' dir='ltr'>rreeessarias</span> <span class='ocrx_word' id='word_1_523' title='bbox 1527 3799 1629 3879; x_wconf 87' lang='lat' dir='ltr'>partes</span> <span class='ocrx_word' id='word_1_524' title='bbox 1660 3814 1759 3876; x_wconf 88' lang='lat' dir='ltr'>neque</span> <span class='ocrx_word' id='word_1_525' title='bbox 1787 3812 1922 3876; x_wconf 88' lang='lat' dir='ltr'>pugnare</span> <span class='ocrx_word' id='word_1_526' title='bbox 1943 3793 2022 3855; x_wconf 89' lang='lat' dir='ltr'>inter</span> 
     </span>
     <span class='ocr_line' id='line_1_81' title="bbox 1153 3882 2023 3952; baseline -0.011 0"><span class='ocrx_word' id='word_1_527' title='bbox 1153 3908 1185 3952; x_wconf 89' lang='lat' dir='ltr'>se</span> <span class='ocrx_word' id='word_1_528' title='bbox 1208 3886 1424 3952; x_wconf 88' lang='lat' dir='ltr'>tantummode</span> <span class='ocrx_word' id='word_1_529' title='bbox 1449 3886 1614 3950; x_wconf 88' lang='lat' dir='ltr'>sedetiam</span> <span class='ocrx_word' id='word_1_530' title='bbox 1637 3885 1754 3947; x_wconf 91' lang='lat' dir='ltr'>mutuis</span> <span class='ocrx_word' id='word_1_531' title='bbox 1771 3882 1915 3946; x_wconf 86' lang='lat' dir='ltr'>adiuvare</span> <span class='ocrx_word' id='word_1_532' title='bbox 1938 3882 2023 3944; x_wconf 77' lang='lat' dir='ltr'>airri-</span> 
     </span>
     <span class='ocr_line' id='line_1_82' title="bbox 1152 3976 1406 4041; baseline -0.008 -1"><span class='ocrx_word' id='word_1_533' title='bbox 1152 3977 1202 4040; x_wconf 90' lang='lat' dir='ltr'>liis</span> <span class='ocrx_word' id='word_1_534' title='bbox 1224 3976 1406 4041; x_wconf 90' lang='lat' dir='ltr'>estenderet.</span> 
     </span>
    </p>
   </div>
   <div class='ocr_carea' id='block_1_12' title="bbox 1154 4409 2023 4674">
    <p class='ocr_par' dir='ltr' id='par_1_16' title="bbox 1154 4409 2023 4674">
     <span class='ocr_line' id='line_1_83' title="bbox 1220 4409 2023 4498; baseline -0.01 -18"><span class='ocrx_word' id='word_1_535' title='bbox 1220 4417 1343 4498; x_wconf 80' lang='lat' dir='ltr'>Apulei.</span> <span class='ocrx_word' id='word_1_536' title='bbox 1358 4417 1376 4481; x_wconf 92' lang='grc'>1.</span> <span class='ocrx_word' id='word_1_537' title='bbox 1391 4439 1414 4480; x_wconf 86' lang='lat' dir='ltr'>c.</span> <span class='ocrx_word' id='word_1_538' title='bbox 1439 4416 1521 4479; x_wconf 90' lang='lat' dir='ltr'>Nam</span> <span class='ocrx_word' id='word_1_539' title='bbox 1538 4414 1678 4496; x_wconf 89' lang='lat' dir='ltr'>quamvis</span> <span class='ocrx_word' id='word_1_540' title='bbox 1695 4413 1732 4474; x_wconf 88' lang='lat' dir='ltr'>de</span> <span class='ocrx_word' id='word_1_541' title='bbox 1747 4411 1873 4474; x_wconf 89' lang='lat' dir='ltr'>diversis</span> <span class='ocrx_word' id='word_1_542' title='bbox 1896 4409 2023 4472; x_wconf 86' lang='lat' dir='ltr'>officinis</span> 
     </span>
     <span class='ocr_line' id='line_1_84' title="bbox 1154 4500 2023 4596; baseline -0.014 -26"><span class='ocrx_word' id='word_1_543' title='bbox 1154 4508 1230 4596; x_wconf 78' lang='lat' dir='ltr'>hapc</span> <span class='ocrx_word' id='word_1_544' title='bbox 1254 4507 1281 4571; x_wconf 87' lang='lat' dir='ltr'>ei</span> <span class='ocrx_word' id='word_1_545' title='bbox 1298 4509 1402 4570; x_wconf 87' lang='lat' dir='ltr'>essent</span> <span class='ocrx_word' id='word_1_546' title='bbox 1426 4506 1458 4568; x_wconf 91' lang='lat' dir='ltr'>in</span> <span class='ocrx_word' id='word_1_547' title='bbox 1481 4503 1686 4586; x_wconf 89' lang='lat' dir='ltr'>philosophiae</span> <span class='ocrx_word' id='word_1_548' title='bbox 1709 4501 1848 4564; x_wconf 88' lang='lat' dir='ltr'>membra</span> <span class='ocrx_word' id='word_1_549' title='bbox 1872 4500 2023 4578; x_wconf 89' lang='lat' dir='ltr'>suscepta,</span> 
     </span>
     <span class='ocr_line' id='line_1_85' title="bbox 1155 4586 2023 4674; baseline -0.012 -16"><span class='ocrx_word' id='word_1_550' title='bbox 1155 4596 1305 4658; x_wconf 91' lang='lat' dir='ltr'>naturalis</span> <span class='ocrx_word' id='word_1_551' title='bbox 1338 4614 1356 4657; x_wconf 93' lang='lat' dir='ltr'>a</span> <span class='ocrx_word' id='word_1_552' title='bbox 1387 4591 1605 4674; x_wconf 87' lang='lat' dir='ltr'>Pythagoreis,</span> <span class='ocrx_word' id='word_1_553' title='bbox 1639 4589 1798 4654; x_wconf 89' lang='lat' dir='ltr'>dialectica</span> <span class='ocrx_word' id='word_1_554' title='bbox 1832 4586 1988 4650; x_wconf 90' lang='lat' dir='ltr'>rationalis</span> <span class='ocrx_word' id='word_1_555' title='bbox 2002 4587 2023 4666; x_wconf 74' lang='grc'>1)</span> 
     </span>
    </p>
   </div>
   <div class='ocr_carea' id='block_1_13' title="bbox 1158 4760 2024 4904">
    <p class='ocr_par' dir='ltr' id='par_1_17' title="bbox 1158 4760 2024 4904">
     <span class='ocr_line' id='line_1_86' title="bbox 1211 4760 2024 4839; baseline -0.016 -15"><span class='ocrx_word' id='word_1_556' title='bbox 1211 4770 1230 4839; x_wconf 87' lang='grc'>1)</span> <span class='ocrx_word' id='word_1_557' title='bbox 1248 4770 1319 4824; x_wconf 87' lang='lat' dir='ltr'>Hlud</span> <span class='ocrx_word' id='word_1_558' title='bbox 1337 4767 1486 4823; x_wconf 66' lang='lat' dir='ltr'>rationalis</span> <span class='ocrx_word' id='word_1_559' title='bbox 1505 4783 1567 4818; x_wconf 93' lang='lat' dir='ltr'>eum</span> <span class='ocrx_word' id='word_1_560' title='bbox 1586 4781 1620 4817; x_wconf 89' lang='lat' dir='ltr'>ex</span> <span class='ocrx_word' id='word_1_561' title='bbox 1638 4762 1852 4831; x_wconf 86' lang='lat' dir='ltr'>interpretatione</span> <span class='ocrx_word' id='word_1_562' title='bbox 1870 4760 1944 4814; x_wconf 86' lang='lat' dir='ltr'>uerbi</span> <span class='ocrx_word' id='word_1_563' title='bbox 1963 4760 2024 4811; x_wconf 74' lang='lat' dir='ltr'>dla-</span> 
     </span>
     <span class='ocr_line' id='line_1_87' title="bbox 1158 4831 2024 4904; baseline -0.013 -9"><span class='ocrx_word' id='word_1_564' title='bbox 1158 4841 1252 4895; x_wconf 70' lang='grc'>111111</span> <span class='ocrx_word' id='word_1_565' title='bbox 1270 4843 1357 4895; x_wconf 91' lang='lat' dir='ltr'>ortum</span> <span class='ocrx_word' id='word_1_566' title='bbox 1383 4855 1441 4893; x_wconf 90' lang='lat' dir='ltr'>esse</span> <span class='ocrx_word' id='word_1_567' title='bbox 1465 4837 1637 4891; x_wconf 82' lang='lat' dir='ltr'>inanifestum</span> <span class='ocrx_word' id='word_1_568' title='bbox 1655 4835 1705 4904; x_wconf 80' lang='lat' dir='ltr'>sit,</span> <span class='ocrx_word' id='word_1_569' title='bbox 1728 4836 1798 4886; x_wconf 89' lang='lat' dir='ltr'>recte</span> <span class='ocrx_word' id='word_1_570' title='bbox 1823 4833 1855 4886; x_wconf 89' lang='lat' dir='ltr'>ab</span> <span class='ocrx_word' id='word_1_571' title='bbox 1880 4831 2024 4885; x_wconf 83' lang='lat' dir='ltr'>editoribus</span> 
     </span>
    </p>
   </div>
   <div class='ocr_carea' id='block_1_14' title="bbox 1769 4922 1811 4987">
    <p class='ocr_par' dir='ltr' id='par_1_18' title="bbox 1769 4922 1811 4987">
     <span class='ocr_line' id='line_1_88' title="bbox 1769 4922 1811 4987; baseline 0 -27"><span class='ocrx_word' id='word_1_572' title='bbox 1769 4922 1811 4987; x_wconf 72' lang='grc'>1*</span> 
     </span>
    </p>
   </div>
   <div class='ocr_carea' id='block_1_15' title="bbox 0 0 2138 5586">
    <p class='ocr_par' dir='ltr' id='par_1_19' title="bbox 0 0 2138 5586">
     <span class='ocr_line' id='line_1_89' title="bbox 0 0 2138 5586; baseline 0 0"><span class='ocrx_word' id='word_1_573' title='bbox 0 0 2138 5586; x_wconf 95' lang='lat' dir='ltr'> </span> 
     </span>
    </p>
   </div>
  </div>
 </body>
</html>
