4260 5586
914 127 1340 193 ...-,-5.......

215 379 272 422 666
285 377 396 440 anceps
409 358 523 420 bellum
536 357 577 420 sit
591 377 647 422 666
658 357 832 422 necessaria
845 359 1004 434 sententia,
1017 379 1087 422 666-

216 450 338 528 stetque
362 446 436 510 alios
457 446 595 510 fortassis
618 447 801 528 apluribus,
824 446 983 512 Platonem
1005 451 1086 510 certe

217 555 236 598 a
258 535 436 598 melioribus
458 534 629 597 laudatum.
665 534 726 599 Sed
742 534 779 598 de
803 535 858 599 hoc
881 536 981 598 multa
1003 536 1086 617 loqui

216 625 303 687 locus
326 623 518 698 dehortatur,
549 642 586 687 ne
610 623 725 687 scilicet
747 641 766 686 a
788 640 893 686 rerum
913 624 1086 689 narratione

214 712 247 776 iu
271 711 472 775 contentionis
495 711 634 775 studium
655 711 805 775 transisse
828 711 998 775 videamur.

282 799 425 864 Praestat
446 799 539 880 igitur
561 803 703 882 coeptum
738 801 823 880 sequi
846 802 891 875 et,
919 820 959 864 ne
981 801 1088 880 vulga·

215 892 285 952 turn
309 890 455 969 ingeram,
476 887 630 963 lectorem,
655 888 680 951 si
701 888 777 951 forte
799 888 907 963 nescis,
930 887 1086 962 admoneo,

217 979 337 1040 exstare
360 977 474 1040 librum
496 971 670 1056 elegantem
690 975 722 1038 L.
738 977 847 1058 Apulei
862 975 1087 1050 Madaurensis,

215 1065 346 1128 illustris
374 1064 537 1139 Platonici,
568 1064 619 1145 qui
647 1065 725 1129 liber
752 1065 929 1128 inscribitur
959 1064 995 1128 (16
1018 1065 1088 1127 Ρ16-

216 1156 295 1217 1666.
308 1155 331 1235 ¹)
369 1152 436 1217 Illic
459 1152 582 1233 quidem
602 1155 634 1216 et
656 1153 752 1235 ipsius
774 1152 947 1234 prosapiam
963 1156 994 1216 et
1009 1155 1088 1216 tem-

216 1260 275 1323 pus
306 1241 431 1322 originis
460 1244 490 1305 et
523 1244 687 1321 parentum
716 1240 908 1322 fratrumque
938 1259 974 1305 66
1000 1259 1088 1323 prae-

217 1333 377 1412 ceptorum
398 1329 523 1394 nomina
548 1331 579 1392 et
601 1330 704 1392 studia
727 1333 758 1394 et
779 1329 1034 1411 peregrinationes
1057 1331 1088 1393 et

216 1418 393 1500 patrimonii
422 1417 549 1482 modum
587 1417 717 1498 denique
747 1417 825 1481 tanti
855 1417 911 1480 viri
933 1417 1087 1499 opiniones

216 1507 352 1572 celebres
376 1525 413 1569 ac
435 1505 568 1568 famosas
592 1505 629 1570 (16
646 1505 711 1582 deo,
732 1506 769 1569 de
791 1505 875 1580 11616,
903 1505 940 1570 (16
962 1505 1086 1581 mundo,

216 1595 255 1659 de
278 1595 392 1669 anima,
414 1594 451 1658 de
474 1596 597 1668 natura,
620 1594 657 1658 de
680 1597 832 1676 ternpore,
861 1594 897 1657 de
921 1593 1019 1658 stellis
1042 1613 1089 1657 er·

221 1682 335 1758 raticis,
358 1682 395 1747 de
411 1683 605 1758 animalibus,
629 1682 665 1746 de
681 1682 880 1764 providentia,
903 1681 1027 1758 (161616,
1050 1681 1088 1746 de

217 1771 437 1845 (1666661166,
461 1769 498 1834 (16
522 1770 660 1845 fortuna,
692 1770 729 1834 de
751 1771 890 1852 partibus
914 1770 1035 1834 animae
1058 1773 1089 1834 et

217 1849 524 1944 corporeosingulari
540 1857 699 1934 domicilio,
716 1858 753 1923 de
770 1859 921 1934 sensibus,
937 1858 974 1922 de
989 1859 1088 1939 figura

218 1947 351 2030 eorporis
374 1947 502 2012 humani
526 1965 563 2010 ac
585 1947 783 2028 dispositione
804 1948 1024 2021 membrorum,
1051 1947 1088 2012 de

220 2036 368 2100 divisione
390 2035 549 2110 bonomm,
573 2035 609 2098 de
632 2035 813 2110 virtutibus,
835 2035 873 2099 de
896 2035 1008 2117 triplici
1030 2035 1089 2097 vir·

216 2127 285 2189 tute
308 2123 515 2205 ingeniorum,
538 2123 575 2186 (16
598 2123 697 2188 trihus
720 2124 821 2188 causis
844 2123 1089 2206 appetendorum

217 2215 384 2288 bonorum,
414 2212 452 2276 de
475 2213 644 2294 voluptate,
673 2213 854 2287 delabere,
886 2212 923 2276 de
954 2210 1089 2276 amicitie

216 2301 455 2382 inimicitiaque,
477 2300 515 2388 de
538 2301 620 2382 turpi
643 2319 761 2375 amore,
790 2302 828 2365 de
858 2301 957 2364 trihus
980 2300 1090 2362 amori-

217 2391 287 2465 bus,
311 2389 348 2456 de
365 2389 524 2472 speciebus
540 2389 740 2470 culpabilium
759 2389 927 2464 hominum,
951 2388 988 2452 (16
1005 2390 1089 2452 61616

219 2482 251 2543 61
273 2478 411 2541 moribus
435 2480 527 2559 atque
550 2477 634 2540 exitu
657 2477 817 2559 sapientis,
845 2477 882 2542 de
904 2476 1088 2552 civitatibus,

217 2567 256 2630 de
279 2586 311 2630 re
333 2565 456 2649 publica
482 2566 580 2646 deque
603 2565 668 2630 eius
695 2565 886 2630 institutione
909 2565 1088 2646 legibusque

218 2654 343 2738 optimis
366 2654 470 2718 -de
498 2653 561 2729 his,
589 2655 733 2735 inquam,
762 2653 904 2718 omnibus
934 2653 1089 2717 succincta

217 2743 367 2808 brevitate
390 2741 588 2824 conspicuum
609 2761 668 2806 nec
682 2743 880 2806 inamoenum
895 2742 1021 2823 cognitu
1043 2761 1089 2806 re-

217 2831 316 2914 periet
338 2831 552 2912 6661616661)
599 2830 645 2894 De
674 2829 760 2893 initio
790 2830 899 2894 muudi
927 2830 1009 2894 idem
1031 2829 1088 2893 sibi

218 2920 300 3002 quod
329 2919 457 2993 nostris,
494 2917 581 2982 66166
609 2919 798 2983 contrarium
828 2919 995 2983 successori
1016 2918 1088 2983 Ι6166

218 3007 375 3072 Aristoteli
397 3007 499 3070 visum
522 3009 583 3081 est,
613 3007 765 3071 mundum
792 3027 853 3072 666
876 3008 1024 3089 coepisse,
1052 3009 1089 3071 ut

217 3098 352 3162 testatur
375 3095 479 3162 Cicero
502 3095 533 3159 in
555 3095 652 3177 primo
667 3095 914 3160 Tusculanamm
937 3095 1089 3178 quaestio-

217 3204 295 3249 num
316 3184 402 3260 libro,

217 3361 291 3426 licet
318 3361 466 3444 Apuleius
496 3380 568 3424 eum
602 3361 635 3424 in
664 3361 723 3424 hac
751 3359 889 3442 opinione
917 3360 1088 3424 variantem

217 3450 311 3514 dicat.

287 3625 430 3690 Cetcmm
445 3626 570 3689 tametsi
591 3626 630 3689 ah
652 3625 738 3689 initio
760 3626 851 3689 huius
874 3626 972 3707 operis
988 3626 1091 3690 decre-

217 3715 349 3790 vissem,
376 3734 414 3778 ne
444 3713 518 3796 quid
548 3713 671 3778 aliunde
699 3733 794 3795 quam
823 3733 859 3778 eu
882 3714 1089 3778 saecularibus

217 3803 329 3868 litteris
359 3806 520 3885 sumptum
547 3802 773 3877 intersererem,
809 3803 871 3865 sive
900 3803 1090 3882 ignorantiae

219 3892 351 3955 aliarum
383 3891 460 3954 mihi
499 3891 654 3966 conscius,
692 3891 754 3954 sive
788 3890 854 3954 ideo
888 3909 927 3954 ne
964 3910 1012 3956 res
1047 3891 1091 3954 di-

219 3980 429 4044 stantissimas
447 3979 622 4062 importuna
646 3979 844 4061 permixtione
863 3979 1089 4055 confunderem,

218 4071 325 4132 tamen
354 4086 427 4131 cum
457 4067 496 4130 ad
523 4068 605 4131 hunc
633 4069 758 4130 tantum
780 4066 987 4150 philosophiae
1010 4067 1090 4130 auti-

219 4156 325 4220 stitem
358 4159 484 4237 tamque
523 4155 661 4236 religioni
695 4158 815 4220 nostrae
850 4159 1090 4230 consentaneum

217 4247 346 4308 ventum
373 4245 460 4319 foret,
490 4246 661 4326 temperare
690 4244 767 4307 mihi
797 4263 859 4308 non
889 4244 988 4325 potui,
1018 4263 1091 4325 quo-

277 4421 297 4488 ¹)
325 4419 358 4472 In
384 4419 518 4488 plerisque
546 4418 682 4472 codicibus
710 4418 755 4471 ille
783 4418 850 4472 liber
876 4418 1031 4472 inscribitur·
1060 4420 1091 4472 de

217 4491 341 4559 cloprrmle
365 4489 498 4543 Plutonis.
534 4489 598 4542 Mes.
617 4489 691 4542 Harl.
710 4491 737 4542 et
754 4489 831 4542 Voss,
850 4490 914 4542 dant
931 4489 962 4542 de
978 4489 1091 4543 Phaone

218 4567 243 4614 et
262 4561 323 4613 66166
341 4561 464 4628 (humata
482 4560 549 4613 liber
573 4559 683 4628 incipit.
703 4590 737 4599 —
762 4561 783 4626 ⁶²)
802 4560 955 4613 Notandum
973 4563 1021 4628 est,
1039 4561 1090 4614 Pe-

217 4635 333 4685 trarcam
352 4646 383 4684 ea
400 4633 504 4684 tantum
522 4631 610 4698 capita
621 4630 666 4683 hic
684 4630 867 4698 perstringere,
888 4647 954 4698 quae
967 4631 1090 4700 genuinis

218 4703 323 4756 duobus
347 4701 424 4754 libris
448 4701 592 4770 Apuleiani
625 4700 687 4753 libm'
713 4701 893 4768 continentur,
922 4702 953 4753 ut
981 4702 1090 4753 tertium

218 4772 329 4841 Apuleii
353 4772 401 4840 qui
424 4773 506 4825 fertur
529 4772 628 4824 librum
656 4774 703 4824 aut
726 4771 832 4824 omnino
859 4789 911 4824 non
936 4771 1090 4842 cognovisse

219 4860 282 4898 eum
300 4844 348 4899 aut
364 4842 429 4897 huie
447 4859 499 4898 non
517 4842 670 4898 attribuisse
688 4841 745 4895 veri
764 4841 852 4895 simile
870 4843 914 4896 sit.

1175 1177 1179 1194 ¹
1233 1150 1355 1234 Apulei.
1378 1151 1415 1216 (16
1438 1153 1533 1235 domu.
1560 1151 1639 1218 Pul.
1664 1154 1682 1215 l.
1706 1154 1721 1216 Ι
1743 1156 1774 1216 61
1796 1154 1836 1216 ll.

1239 2828 1300 2895 do.
1333 2829 1423 2894 Taso.
1454 2830 1478 2905 l,
1511 2831 1562 2903 29,
1593 2830 1649 2893 70:
1678 2827 1764 2891 Haec
1794 2827 1888 2907 igitur
1917 2830 1948 2890 et
1975 2823 2037 2911 alia

1168 2919 1403 2982 innumerabilia
1427 2937 1499 2980 cum
1522 2917 1689 2991 cernimus,
1719 2934 1921 2996 possumusne
1949 2915 2037 2977 dubl-l

1168 3011 1233 3072 tare
1257 3008 1331 3089 quin
1354 3007 1392 3069 116
1415 3005 1528 3086 praesit
1551 3004 1662 3085 aliquis
1685 3005 1732 3067 vel
1755 3003 1884 3078 effector,
1912 3003 1937 3066 si
1961 3003 2039 3088 haee,

1168 3099 1241 3159 nata
1264 3097 1350 3170 sunt,
1372 3097 1408 3158 ut
1430 3093 1549 3159 Plabrni
1571 3092 1706 3165 videtur,
1733 3093 1778 3154 vel
1801 3091 1827 3154 si
1851 3110 1970 3172 semper
1991 3089 2039 3152 fri-l

1168 3185 1267 3260 emnt,
1291 3187 1327 3247 ut
1338 3182 1492 3247 Aristoteli
1515 3182 1623 3264 placet,
1646 3180 1818 3244 moderator
1839 3179 1920 3244 tanti
1941 3177 2038 3260 operis

1168 3275 1199 3337 et
1221 3272 1381 3336 muneris?

1232 3357 1356 3441 Apulei.
1379 3359 1396 3424 l.
1414 3382 1438 3423 6.
1463 3359 1478 3422 Ι
1500 3379 1526 3422 6.
1558 3360 1593 3421 8:
1622 3357 1662 3422 m
1689 3358 1772 3421 hunc
1802 3356 1925 3437 quidem
1949 3374 2039 3417 mun-

1169 3449 1244 3512 dum
1271 3468 1355 3512 6666
1383 3449 1448 3512 6166
1477 3447 1563 3512 161116
1584 3465 1651 3509 6666
1674 3445 1760 3520 (11611,
1791 3445 1866 3509 ahas
1889 3443 2038 3526 originem

1168 3539 1280 3604 habere
1302 3539 1473 3618 natumque
1495 3554 1569 3602 esse.
