4260 5586
884 135 1332 198 fimum.-

305 365 373 428 Iam
396 384 466 428 vero
488 365 519 428 in
542 364 591 427 his
611 364 712 428 uerbis
736 365 855 428 exsistit
878 364 1015 446 quaestio
1039 363 1191 445 quaedam
1214 363 1419 439 subdifficilis,
1442 363 1577 445 primum
1599 381 1691 444 quem
1714 363 1880 442 Augustini
1902 363 2026 426 librum}

197 455 347 519 Petrarca
382 453 432 516 hic
461 453 623 533 significet,
655 457 723 516 tum
754 472 846 534 quem
878 453 1032 517 Ciceronis
1063 452 1177 515 librum
1206 453 1245 515 ab
1273 453 1445 532 Augustino
1476 451 1637 528 laudatum
1665 471 1730 514 esse
1759 452 1847 524 relit;
1881 470 2027 532 namquo

197 542 393 623 Augustinus
418 541 571 612 Ciceronis
594 542 686 604 libros
709 561 781 605 oum
805 540 919 615 laudat,
942 541 1136 623 inscriptione
1160 541 1197 603 de
1218 540 1309 603 horle
1324 539 1536 619 pbthsopbioe
1559 559 1719 620 nunquam
1741 539 1847 602 utitur.

289 631 349 694 Sed
372 633 538 710 utrumque
562 630 711 711 quomodo
735 649 767 693 se
790 630 933 694 habuerit
955 629 1015 692 alia
1038 629 1199 693 Petraroae
1223 629 1353 710 epistula
1376 628 1557 692 desistatur.
1593 627 1652 706 Qui
1674 648 1717 706 op.
1742 648 1802 690 ror.
1820 646 1884 690 sorr.
1904 627 1977 689 Vlll
1994 630 2029 704 o,

198 720 277 794 „uso
300 721 331 782 et
346 718 512 798 Augustini
535 738 610 800 opus
628 718 738 793 aliud,“
762 718 871 799 inquit,
895 718 994 798 „quod
1011 716 1305 781 confessionum
1328 717 1450 792 dicitur,
1473 717 1619 780 tredecim
1634 716 1814 779 distinctum
1836 717 1920 780 libris
1923 765 2012 778 .....

198 809 283 872 Scito
307 808 395 869 illum
417 806 530 869 libmm
553 807 629 870 mihi
653 807 772 870 aditum
795 807 888 870 luisse
913 806 952 869 ad
974 826 1079 870 omnes
1103 825 1207 869 sacras
1230 805 1357 869 litteras,
1403 804 1496 884 Quas,
1519 808 1556 868 ut
1577 804 1709 867 humiles
1732 807 1763 868 et
1785 804 1955 886 incomptas
1978 811 2031 888 ac,

198 895 409 960 saecularibus
432 894 580 976 impares,
604 897 635 959 et
656 895 751 958 nimio
774 896 899 957 illarum
921 913 1024 958 amore
1056 898 1087 958 et
1109 897 1286 976 contemptu
1315 894 1427 956 harum
1457 896 1488 956 et
1510 893 1650 975 opinione
1679 892 1716 956 de
1738 911 1788 956 me
1812 894 1890 957 falsa
1913 889 2032 974 atque,{

197 987 234 1048 ut
258 983 388 1047 breviter
410 986 441 1046 et
461 984 518 1046 hoc
539 984 603 1064 ipse
626 986 787 1064 peccatum
810 1002 915 1046 meum
931 983 1037 1057 fatear,
1060 983 1220 1046 insolentia
1243 982 1367 1044 iuvenili
1390 983 1420 1044 et
1436 982 1641 1052 daemoniaco,
1665 984 1700 1044 ut
1721 981 1855 1062 intelligo
1874 981 2032 1062 clareque

196 1073 286 1136 rideo
303 1091 394 1147 nuno,
418 1074 566 1151 suggestu
582 1071 635 1133 diu
651 1070 790 1134 tumidus
807 1071 981 1135 adolescens
997 1071 1069 1152 lugi.
1108 1071 1139 1134 Is
1155 1071 1231 1134 liber
1246 1090 1295 1134 me
1311 1070 1444 1133 mutavit
1459 1073 1595 1144 eatenus
1620 1089 1679 1133 non
1695 1070 1760 1133 dico
1775 1074 1811 1133 ut
1825 1071 1899 1133 vitia
1915 1069 2013 1152 prima

197 1161 397 1233 dimitterem,
421 1178 499 1240 quae
524 1161 571 1222 rel
593 1160 651 1222 hac
674 1160 796 1222 utinam
819 1162 920 1223 aetate
945 1159 1128 1233 dimiserim,
1154 1159 1206 1222 sed
1229 1160 1264 1221 ut
1284 1178 1320 1223 err
1342 1159 1393 1221 illo
1418 1176 1520 1220 sacras
1543 1159 1660 1221 litteras
1683 1177 1738 1221 neo
1761 1178 1935 1240 spernerem
1958 1155 2035 1236 οοοξ

198 1250 343 1324 odissem,
366 1249 461 1311 immo
484 1266 554 1310 vero
584 1266 633 1311 me
665 1247 815 1329 paulatim
838 1247 942 1310 horror
969 1248 1019 1311 ille
1046 1249 1195 1311 mulceret
1224 1250 1254 1310 et
1276 1247 1387 1310 invitas
1411 1265 1500 1310 aures
1528 1248 1765 1327 recusantesque
1795 1246 1835 1308 ad
1858 1266 1890 1310 se
1912 1247 2035 1310 oculos

196 1339 354 1409 traheret3
386 1335 516 1416 denique
539 1338 575 1399 ut
598 1355 701 1398 amare
723 1336 842 1399 litteras
865 1336 934 1398 illas
957 1337 1122 1417 inciperem
1144 1338 1174 1398 et
1196 1335 1301 1398 mirari
1325 1338 1355 1399 et
1378 1353 1523 1416 quaerere
1546 1337 1638 1415 atque
1668 1353 1703 1397 ex
1726 1335 1786 1409 eis,
1816 1335 1888 1399 licet
1909 1336 2012 1398 minus

196 1426 309 1488 dorum
331 1425 473 1499 forsitan,
502 1427 535 1486 at
563 1424 695 1505 profecto
725 1425 794 1505 plus
817 1425 975 1487 fructuum
998 1443 1092 1505 quam
1116 1443 1151 1487 ex
1179 1423 1239 1486 illis
1263 1424 1330 1486 aliis
1361 1431 1453 1487 autea
1476 1426 1544 1486 tam
1567 1422 1686 1486 dilectis
1709 1422 1823 1486 elicere.
1837 1425 1860 1505 ¹)
1907 1423 2037 1506 Neque3

197 1534 269 1578 rero
292 1513 421 1594 dignum
443 1515 524 1585 erat,
556 1513 640 1574 nulla
663 1531 698 1575 ex
720 1515 806 1593 parte
830 1511 1042 1575 Christianum
1065 1512 1220 1575 hominem
1242 1511 1407 1592 Augustini
1430 1511 1546 1592 eloquio
1569 1510 1698 1585 mutari,
1730 1529 1830 1585 cum,
1859 1512 1903 1573 ut
1925 1511 2038 1593 ipse

198 1602 294 1665 dicti
316 1601 443 1682 operis
474 1600 575 1664 libro
595 1601 721 1672 ¹tertio
743 1600 940 1675 meminit,
965 1599 1252 1664 Ciceronianus
1283 1619 1367 1663 eum
1396 1599 1490 1662 adeo
1519 1600 1720 1662 mutasset
1741 1599 2012 1662 Hortensius.“

197 1692 235 1753 ln
259 1691 317 1753 hac
339 1689 433 1770 igitur
455 1689 586 1770 epistula
602 1689 746 1752 Petrarca
762 1688 907 1769 qnoniam
929 1689 1007 1751 inter
1022 1688 1188 1769 Augustini
1209 1688 1301 1751 libros
1326 1687 1609 1752 Confessiones
1631 1687 1777 1769 primas
1801 1707 1839 1751 se
1862 1688 2012 1767 legisse

197 1781 316 1852 narrat,
339 1797 411 1842 cnm
434 1777 467 1840 in
482 1777 580 1859 prima
604 1777 735 1858 epistula
751 1777 820 1839 libri
836 1777 945 1840 decimi
962 1777 1060 1858 quinti
1082 1777 1174 1839 libros
1197 1776 1372 1858 coepisse
1387 1776 1552 1855 Augustini
1574 1796 1612 1839 se
1635 1777 1763 1855 legere
1787 1775 1878 1851 dioat,
1900 1776 2012 1838 librum

197 1888 216 1931 a
233 1886 293 1948 quo
308 1865 455 1948 inceperit
478 1865 760 1929 Confessiones
783 1865 997 1944 intellegamus
1014 1867 1099 1946 oport
1118 1868 1139 1928 t.
1177 1865 1278 1946 Atque
1294 1864 1376 1946 apud
1391 1861 1603 1945 Augustorum
1625 1865 1660 1927 to
1676 1866 1760 1927 tortio
1780 1863 2013 1944 Confossiooom

196 1955 273 2020 libro
295 1956 371 2018 haec
395 1954 508 2035 scripta
530 1956 617 2017 sunt:
649 1954 754 2028 „Inter
784 1954 840 2016 hos
871 1971 925 2032 ego
954 1953 1109 2017 imbecilla
1136 1955 1213 2016 tunc
1241 1957 1341 2016 aetate
1369 1952 1525 2015 discebam
1554 1951 1645 2015 libros
1674 1953 1886 2033 eloquentiae.
1904 2001 1958 2015 ...
1982 1954 2012 2015 et

196 2045 313 2108 usitato
335 2043 400 2105 iam
422 2041 559 2106 discendi
581 2041 685 2106 ordine
708 2059 904 2124 perveneram
927 2041 960 2104 in
983 2042 1096 2104 librum
1119 2041 1274 2122 quendam
1296 2041 1459 2104 cuiusdam
1483 2039 1652 2114 Olcemuis,
1681 2041 1767 2104 cuius
1790 2041 1929 2121 linguam
1951 2042 2011 2103 fere

198 2153 306 2196 omnes
328 2131 489 2204 mirantur,
511 2132 618 2211 pectus
641 2149 702 2193 nou
725 2131 777 2193 ita.
825 2129 903 2193 Sed
924 2130 1028 2192 liber
1049 2130 1129 2192 iste
1158 2129 1286 2211 ipsius
1314 2129 1628 2192 exhortationem
1651 2129 1829 2192 continet
1859 2129 1905 2192 ad
1926 2130 2012 2211 phi·

199 2220 424 2302 losophiam
448 2222 486 2282 et
508 2220 675 2281 vocatur
697 2218 951 2281 Hortensius.
996 2218 1074 2280 Ille
1096 2237 1187 2280 vero
1210 2218 1310 2282 liber
1336 2217 1506 2281 mutavit
1532 2216 1727 2280 aflectum
1754 2237 1875 2280 meum
1903 2218 2011 2280 etad

199 2315 239 2374 te
263 2311 409 2391 ipsum,
433 2306 602 2379 domine,
624 2307 796 2369 mutavit
816 2325 953 2387 preces
975 2325 1077 2371 meas
1101 2309 1137 2369 et
1159 2308 1249 2370 vota
1272 2325 1316 2370 ac
1338 2304 1542 2369 desideria
1564 2325 1644 2368 mea
1666 2305 1760 2370 tecit
1782 2305 1922 2388 aliast)
1956 2321 1958 2325 ·

307 2396 392 2475 Quae
427 2414 499 2458 cum
522 2395 565 2457 ito
594 2395 670 2468 sint,
685 2395 874 2458 .Petrarcam
908 2413 980 2457 oum
995 2395 1110 2458 librum
1140 2393 1176 2458 de
1204 2394 1295 2458 leode
1316 2393 1527 2474 philosophare
1554 2394 1707 2468 nominet,
1735 2392 1938 2458 Hortensium
1967 2395 2012 2457 in-

199 2487 342 2566 tellegere
372 2485 507 2566 oportet,
540 2485 576 2545 ut
605 2483 634 2545 id
660 2502 788 2565 quoque,
813 2482 893 2563 quod
914 2483 1008 2546 altero
1030 2483 1094 2546 loco
1120 2482 1152 2545 in
1174 2482 1303 2546 dubium
1325 2483 1506 2559 vocabatur,
1535 2482 1684 2562 quomodo
1712 2483 1948 2563 intellegendum
1972 2483 2012 2546 sit

198 2576 364 2658 appareat;
394 2591 468 2636 nam
491 2571 571 2652 quod
593 2571 626 2634 iu
648 2572 747 2653 prima
770 2571 901 2653 epistula
928 2571 998 2634 libri
1019 2571 1077 2634 XV
1099 2589 1202 2634 rerum
1226 2571 1371 2634 senilium
1399 2570 1474 2634 libro
1496 2570 1534 2635 de
1556 2570 1647 2634 laude
1669 2571 1873 2653 philosophiae
1894 2571 2012 2644 tribuit,

197 2665 230 2726 id
252 2663 285 2726 in
307 2661 437 2743 epistula
460 2663 546 2722 sexta
575 2659 643 2722 libri
665 2659 740 2722 VIll
764 2659 915 2723 Cicemnis
944 2659 1107 2722 Hortensio
1136 2659 1278 2722 effectum
1311 2679 1376 2722 esse
1400 2661 1515 2722 narrat.
1559 2660 1604 2722 Ae
1626 2679 1665 2723 ne
1688 2659 1755 2740 quis
1778 2662 1892 2724 temere
1915 2661 2011 2722 hoca

198 2752 286 2815 nobis
328 2749 387 2812 dici
426 2747 596 2812 existimet:
641 2767 740 2828 neque
774 2747 828 2810 alii
868 2765 966 2828 neque
1008 2747 1139 2811 Orellius
1179 2750 1346 2828 utrumque
1385 2747 1517 2810 indicem
1560 2748 1744 2828 coniungere
1786 2747 2011 2810 dubitaverunt.

199 2840 280 2918 Quin
305 2838 399 2902 etiam
421 2837 485 2918 ipse
502 2833 605 2900 Cicero
627 2835 723 2899 istum
740 2836 853 2898 librum
875 2835 969 2900 fuisse
985 2838 1088 2898 totum
1104 2835 1198 2899 tradit
1219 2835 1256 2900 de
1276 2835 1418 2898 laudibus
1440 2835 1655 2916 philosophiae,
1677 2855 1750 2898 oum
1765 2835 1802 2899 do
1825 2837 1884 2900 olto.
1901 2836 1933 2898 Il
1950 2837 2007 2911 1,1

198 2931 275 2992 haec
297 2926 395 2990 dicat:
421 2924 520 2999 „Nam
543 2927 574 2988 et
596 2925 745 2988 cohortati
768 2943 885 2999 sumus,
908 2928 944 2986 ut
966 2925 1099 2987 maxime
1120 2925 1293 3006 potuimus,
1324 2923 1364 2986 ad
1385 2923 1592 3006 philosophiae
1617 2923 1755 2986 studium
1777 2943 1811 2988 eo
1833 2925 1927 3001 libro,
1958 2925 2010 3006 qui

198 3020 247 3080 est
268 3014 433 3096 inscriptus
458 3009 669 3076 Hortensius.“
714 3013 771 3075 uso
792 3012 887 3093 igitur
908 3021 989 3076 uuus
1012 3012 1103 3085 liber,
1135 3012 1185 3075 oui
1207 3031 1243 3075 ex
1267 3014 1447 3091 argumento
1470 3011 1601 3074 indicem
1624 3011 1662 3074 dc
1675 3011 1886 3092 philosophie,
1911 3032 1946 3078 er
1968 3033 2011 3088 eo,

197 3105 286 3168 cuius
308 3106 372 3165 lota
394 3102 455 3165 fere
471 3101 591 3164 videtur
612 3101 707 3165 fuisse
722 3101 897 3182 disputatio,
920 3101 1051 3165 indicem
1067 3099 1255 3164 Hortensius
1277 3101 1396 3164 factum
1418 3120 1484 3164 esse
1504 3103 1588 3182 puto,
1610 3101 1693 3164 haud
1717 3120 1804 3165 seous
1821 3121 1856 3165 ao
1872 3101 2013 3166 Meliora

198 3194 262 3256 sire
284 3190 322 3254 dc
344 3191 483 3254 ommino
504 3189 689 3272 inscriptum
710 3209 776 3252 esse
797 3191 906 3253 notum
928 3193 984 3254 est.
1957 3205 1959 3209 ’

304 3279 420 3343 Verum
442 3279 474 3341 in
496 3279 588 3341 rebus
612 3277 812 3360 apertissimis
834 3298 872 3340 ne
893 3278 1024 3341 nimium
1046 3279 1129 3358 longi
1152 3277 1267 3351 simus,
1290 3297 1372 3341 nuno
1395 3277 1426 3339 in
1449 3277 1543 3358 ipsius
1567 3277 1722 3341 lhauoisoi
1744 3279 1843 3342 verbis
1866 3279 2017 3360 explican-

197 3369 442 3450 dispergamus.
488 3366 518 3429 Is
541 3385 613 3429 oum
644 3367 683 3429 ab
705 3365 879 3446 Augustino
909 3366 941 3428 in
965 3365 1210 3430 Confessionibus
1239 3365 1354 3428 librum
1384 3365 1471 3429 illum
1494 3365 1588 3428 tantis
1618 3366 1761 3429 laudibus
1791 3367 1907 3429 elatum
1937 3368 2020 3430 inve-

198 3458 305 3530 nisset,
327 3456 440 3518 librnm
464 3455 626 3536 quendam,
651 3455 703 3535 qui
726 3454 910 3517 Hortensius
933 3454 1165 3528 inscribebatur,
1189 3455 1242 3536 qui
1265 3455 1292 3518 ei
1315 3455 1422 3518 statim
1448 3453 1543 3529 affuit,
1566 3453 1713 3535 inspexit3
1738 3454 1791 3518 sed
1814 3456 1889 3517 nihil
1912 3474 2017 3518 eorum

198 3545 330 3619 invenit,
361 3562 440 3624 quae
469 3545 500 3606 et
528 3543 594 3625 ipsa
622 3543 690 3606 libri
713 3542 909 3624 inscriptione
938 3546 969 3606 et
989 3543 1153 3623 Augustini
1174 3542 1317 3606 laudibus
1339 3544 1494 3625 permotus
1518 3561 1583 3606 sese
1605 3543 1804 3606 inuenturum
1827 3562 1892 3606 esse
1916 3563 2018 3624 spera-

197 3636 292 3697 uerat.
339 3632 496 3712 Quaeres
520 3651 591 3695 eum
613 3631 761 3704 attonuit3
793 3649 847 3693 suo
876 3631 971 3712 ipsius
1001 3631 1122 3710 iugenio
1146 3633 1237 3712 atque
1257 3631 1397 3694 tarditati
1420 3631 1577 3706 attribuit,
1601 3631 1681 3712 quod
1703 3631 1896 3694 librariorum
1919 3650 2017 3694 errore

198 3723 399 3785 commissum
423 3722 496 3784 erat.
535 3719 641 3801 Neque
663 3719 696 3781 id
718 3719 849 3789 mirum:
873 3737 947 3782 nam
971 3719 1023 3800 qui
1045 3719 1120 3782 liber
1140 3719 1380 3782 Hortensius
1404 3720 1442 3782 ab
1465 3720 1509 3782 als
1531 3720 1697 3802 inscriptus
1720 3723 1800 3795 erat,
1822 3720 1858 3795 is,
1881 3720 1912 3782 id
1936 3719 2016 3801 quod

197 3814 304 3893 postea
327 3809 453 3873 demum
476 3809 624 3888 cognovit,
649 3807 839 3870 Lucullus
863 3807 925 3871 sire
948 3807 1181 3870 Academica
1202 3807 1412 3871 inscribendus
1435 3811 1509 3870 era-t.

305 3896 364 3961 Sed
394 3896 541 3977 quoniam
568 3895 601 3959 in
630 3915 722 3977 quem
750 3896 895 3976 laqueum
923 3895 999 3959 falso
1031 3895 1141 3959 codicis
1169 3896 1329 3959 cuiusdam
1351 3896 1450 3959 indice
1473 3915 1505 3960 se
1528 3897 1662 3961 induerit
1684 3897 1816 3979 exposui,
1839 3917 1920 3960 nuuc
1943 3916 2017 3978 quo-

197 3986 287 4049 modo
311 4005 347 4049 ex
370 4004 404 4048 eo
428 4005 459 4048 se
483 3984 646 4066 expedierit
669 3984 832 4065 explicabo.
878 3983 915 4046 ln
938 3983 1183 4048 Goulessionibus
1206 3984 1252 4047 bis
1275 3984 1421 4048 laudatur
1441 3983 1640 4058 Hortensium
1669 3985 1753 4049 locus
1775 3986 1813 4049 de
1836 4006 1870 4049 eo
1892 3986 2018 4049 atl'ertur

197 4075 311 4137 nullus.
364 4073 471 4154 ltaque
503 4073 663 4146 Petrarca,
693 4072 781 4152 quod,
812 4091 883 4134 cum
906 4072 1040 4135 codicem
1070 4072 1159 4135 illum
1182 4073 1304 4154 legeret,
1328 4092 1346 4136 a
1371 4091 1423 4155 spe
1446 4074 1586 4154 repulsus
1616 4076 1711 4147 esset,
1740 4074 1771 4136 id
1794 4075 1825 4137 in
1847 4075 2016 4137 obtunsum

196 4161 381 4242 tardumque
411 4161 569 4241 ingenium
597 4161 734 4224 conferre
770 4161 884 4242 potuit3
914 4160 998 4223 haud
1025 4161 1069 4223 ita
1097 4161 1194 4224 multo
1228 4164 1311 4243 post,
1350 4180 1422 4224 oum
1450 4161 1481 4223 in
1519 4162 1577 4224 alio
1607 4163 1773 4241 Augustini
1806 4163 1881 4226 libro
1915 4164 2015 4226 locum

196 4250 351 4332 quendam
375 4250 445 4332 erl)
470 4248 621 4312 Ciceronis
637 4249 800 4312 Hortensio
824 4248 864 4311 ad
887 4249 1014 4312 verbum
1037 4249 1221 4332 exscriptum
1233 4252 1258 4334 4)
1283 4250 1407 4325 videret,
1430 4269 1491 4313 non
1512 4249 1620 4331 potuit.
1651 4250 1752 4330 Atque
1775 4251 1806 4314 id
1827 4251 2013 4328 factumest,

305 4426 324 4492 1)
344 4424 382 4478 CI.
402 4423 533 4490 Koertc'op
550 4423 568 4478 l.
588 4441 610 4477 c.
630 4439 688 4492 pag.
708 4424 760 4476 495
779 4439 817 4491 sq.
844 4455 878 4461 —
905 4423 926 4492 ²)
945 4423 1059 4491 depost.
1083 4424 1158 4491 Coras.
1177 4424 1219 4477 III
1241 4425 1266 4478 4.
1304 4425 1341 4478 ef.
1361 4424 1427 4476 ibid.
1446 4423 1514 4477 VIII
1533 4425 1561 4476 7:
1586 4423 1665 4476 Multi
1690 4423 1742 4476 mei
1767 4423 1829 4477 anni
1853 4441 1958 4477 mecum
1977 4429 2015 4478 el'-

195 4497 341 4562 linxerant,
365 4512 399 4548 ex
423 4512 475 4563 quo
500 4495 532 4548 ab
555 4494 755 4547 undevicesimo
779 4511 846 4547 anno
870 4494 964 4548 aetatis
988 4511 1062 4547 meae
1085 4494 1174 4548 lecto
1192 4495 1366 4548 Ciceronis
1385 4495 1569 4548 Hortensio
1594 4494 1768 4547 echtatus
1791 4511 1877 4548 eram
1903 4497 2015 4550 studio

195 4566 396 4634 sapientiae.
411 4565 491 4618 erare
502 4564 635 4618 titubent.
646 4566 671 4617 4.
682 4594 715 4601 —
728 4564 785 4631 ³)Id
798 4565 869 4616 euim
882 4565 1015 4634 significat
1026 4566 1185 4633 praepositio
1197 4565 1235 4628 de,
1247 4581 1300 4633 qua
1308 4566 1394 4618 utitur
1405 4565 1537 4630 Petrarca,
1550 4582 1612 4618 oum
1624 4565 1703 4618 dicit:
1717 4570 1761 4632 „et
1772 4565 1873 4634 aliquid
1883 4566 1922 4619 ibi
1940 4568 1972 4620 de
1985 4585 2015 4621 eo

196 4637 263 4689 libro
282 4636 398 4704 positum
417 4637 463 4703 (so.
477 4635 588 4702 inveni),
602 4652 653 4702 quo
672 4635 741 4686 nihil
753 4637 794 4688 est
806 4635 938 4689 dulcius.“
964 4636 1001 4689 af.
1021 4635 1331 4704 Ooo.door.159,252:
1349 4637 1410 4690 Vox
1429 4639 1455 4688 et
1473 4638 1563 4704 gestus
1575 4636 1663 4690 subito
1682 4636 1752 4689 sumi
1771 4639 1797 4689 et
1809 4636 1915 4690 aliunde
1934 4639 2015 4707 arripi

196 4724 249 4760 non
267 4709 365 4774 potest,
390 4707 458 4758 iuris
477 4706 579 4759 utilitas
598 4707 631 4758 ad
647 4722 780 4773 quamque
798 4721 905 4758 causam
932 4706 1055 4774 quamvis
1072 4709 1179 4774 repente
1197 4705 1241 4760 vel
1260 4724 1276 4760 a
1293 4707 1386 4774 peritis
1404 4706 1449 4760 vel
1467 4708 1504 4758 de
1522 4705 1624 4759 libris
1642 4707 1759 4774 depromi
1777 4711 1870 4774 potest.
1912 4709 1965 4762 Co'c.
1985 4711 2016 4762 dc

196 4778 241 4844 off.
264 4777 306 4830 ΠΙ
330 4777 379 4844 21,
403 4777 451 4829 82:
475 4777 536 4845 Ipse
560 4779 649 4830 autem
672 4792 747 4828 socer
769 4776 797 4827 in
820 4793 864 4828 ore
887 4793 991 4844 semper
1015 4777 1127 4831 Graecos
1150 4793 1244 4830 versus
1268 4778 1306 4830 de
1330 4777 1532 4830 Phoenissis
1556 4777 1675 4831 habebat.
1722 4777 1837 4840 ero'md.
1856 4779 1895 4831 VI
1918 4781 1948 4846 3,
1966 4780 2014 4834 86:

198 4848 299 4902 Versus
313 4847 385 4901 enim
398 4847 486 4900 dicere
505 4847 592 4916 coepit
610 4847 647 4900 de
665 4846 753 4900 libro
772 4846 873 4899 Idnnii
892 4847 1006 4902 annali
1026 4851 1134 4902 sexto.
1148 4879 1181 4886 —
1195 4849 1215 4919 ⁴)
1228 4848 1303 4903 Hanc
1321 4848 1378 4902 rim
1397 4848 1425 4902 iu
1437 4847 1575 4902 Petrareae
1594 4848 1695 4901 verbis:
1709 4848 1817 4916 „inirem
1834 4850 2016 4923 allegatum

1766 4939 1805 5005 2*
